3934 5424
817 688 947 764 nro.
988 647 1022 764 i.
1050 667 1228 782 sonna.
1266 692 1455 782 ,μω-ἱππ.

791 1245 1488 1352 POHLIA.

444 1497 803 1586 Peristomzum,
833 1488 1033 1589 duplex
1064 1461 1311 1564 anterius
1339 1489 1575 1565 dentibus
1631 1491 1827 1568 sedecim

494 1653 647 1739 rectis
672 1645 872 1733 liberis,
900 1648 1103 1752 interius
1127 1619 1559 1725 membranaceum:
1584 1649 1796 1728 dentibus

844 1789 1069 1915 sedecim
1088 1779 1446 1930 uniformibus.

760 1995 926 2069 Floras
981 1989 1528 2108 ηιιιδεειιιιῑιιηζετιιωιιιεΙοε.
1596 2091 1601 2102 .

446 2249 479 2306 a.
509 2237 743 2305 aiuncurt,
771 2216 878 2290 caule
904 2211 1083 2312 simplici,
1110 2211 1217 2286 loliis
1243 2213 1400 2287 remotis
1428 2212 1534 2314 apice
1549 2215 1740 2346 congestis
1765 2215 1837 2288 lau·
1923 2309 1924 2312 Ν

546 2357 716 2434 ceolato·
725 2353 931 2426 linearibus
959 2347 1134 2437 dentatis,
1162 2350 1270 2423 theca
1293 2350 1498 2448 pyriformi
1521 2355 1714 2455 elongata.
1741 2360 1837 2452 Spec.

546 2519 665 2571 muso.
691 2518 729 2590 p.
761 2513 842 2580 171.
872 2487 984 2586 stirp.
1012 2503 1192 2584 cryptp.
1222 2476 1281 2584 96.
1306 2505 1332 2560 t.
1366 2495 1425 2578 36.

492 2659 541 2729 In
566 2643 751 2724 silvaticis
779 2657 817 2716 et
841 2638 1076 2739 rupeetribus
1103 2639 1399 2720 humidiusculis
1425 2649 1608 2742 Europae
1645 2653 1692 2734 u.

496 2802 629 2880 caules
654 2810 743 2892 post
768 2791 901 2868 florem
929 2789 1125 2864 interdum
1150 2791 1352 2868 innovant.
1406 2797 1496 2870 Tab.
1524 2801 1655 2872 LXIV.
1670 2793 1737 2898 fig.
1756 2818 1792 2870 x.
1806 2815 1863 2889 5„

547 2933 689 3008 folium
715 2932 829 3004 huius
854 2928 996 3027 speciei
1025 2952 1150 3028 augm.
1178 2934 1206 3002 I.
1241 2946 1280 3003 et
1306 2935 1369 3008 IV.

443 3167 479 3223 α.
506 3165 658 3226 mruoa,
687 3136 792 3212 caule
822 3133 1001 3231 simplici,
1030 3133 1136 3208 foliis
1164 3135 1322 3208 remotis
1349 3137 1669 3242 apice'eongestis
1697 3141 1843 3214 lanoso·

543 3279 631 3353 latis
659 3274 907 3362 subdentatia,
936 3275 1042 3345 theca
1068 3269 1274 3370 pyriformi
1302 3275 1488 3374 elongata.
1520 3279 1611 3351 Tab.
1636 3285 1772 3354 LXIV.

439 3527 442 3537 y
493 3437 541 3506 In
566 3415 741 3502 Helvetia
767 3425 862 3524 legit
893 3424 1116 3513 Schleicher,
1144 3422 1187 3496 in
1216 3424 1419 3500 Sudetibus
1441 3428 1618 3530 Ludwig.
1646 3439 1692 3519 u.

546 3620 676 3692 Radix
703 3616 887 3702 basilaris,
916 3615 1125 3712 capillacea.
1153 3619 1314 3708 ,caulis
1346 3633 1513 3707 erectus,
1556 3637 1583 3712 4
1613 3620 1663 3693 ad
1692 3645 1740 3694 rr
1760 3643 1849 3692 ·un·

444 3757 521 3834 cias
544 3757 654 3844 altus,
683 3755 857 3850 simplex,
885 3751 956 3824 sub
984 3750 1077 3824 flore
1111 3750 1305 3828 innovans
1337 3771 1375 3826 et
1412 3756 1551 3830 exinde
1586 3758 1850 3844 subramosus,

442 3894 694 3994 ferrugineus.
751 3893 859 3966 Folia
885 3885 1070 3962 inferiora
1098 3907 1245 3964 remota
1281 3890 1423 3976 atsere
1449 3895 1613 3985 alterna,
1649 3897 1850 3994 superiora

441 4033 486 4108 in
514 4031 727 4128 capitulum
752 4026 1025 4123 polyphyllum
1040 4020 1242 4126 congesta,
1279 4001 1507 4121 lanceolata,
1548 4035 1611 4108 vel
1650 4035 1854 4109 elanceo·

440 4176 520 4248 lato
549 4165 815 4251 acuminulata,
843 4187 978 4260 pamm
1006 4187 1183 4252 concava,
1211 4166 1387 4254 carinata,
1416 4168 1522 4264 apice
1548 4170 1694 4268 aliquot
1725 4169 1856 4245 denti·

446 4307 544 4384 culis
570 4302 720 4400 sparsis,
747 4299 949 4398 pellucida‚
976 4299 1118 4398 pallide
1133 4298 1291 4376 viridia:
1318 4329 1438 4378 nervo
1465 4331 1600 4394 orasso,
1631 4307 1680 4380 ad
1697 4309 1853 4406 apicem

413 4423 640 4548 perducto,
667 4436 907 4561 ferrugineo:
935 4437 1073 4512 areolis
1106 4439 1480 4543 parallelogrammis.
1551 4449 1680 4524 Floras
1716 4449 1856 4535 dioeci,
