4078 5416
369 735 393 786 ,ς
456 709 461 726 ’
611 707 615 716 ’
659 705 839 776 Pharaone
865 719 900 790 5.
928 699 1117 770 cauticum.
1152 699 1189 772 6.
1220 681 1479 770 Corniclicoml

1149 809 1168 842 ἱ

424 895 471 992 β)
498 894 717 983 subacaule,
739 891 929 968 foliorum
951 907 1056 987 parte
1077 889 1196 962 viridi
1220 889 1328 965 theca
1349 871 1534 963 breviore.

358 1081 361 1089 ·
428 1043 476 1110 In
508 1061 682 1124 arenosa,
714 1032 892 1131 argillosa
914 1021 1019 1102 'terra
1049 1027 1154 1101 nuda
1183 1028 1334 1128 magnis
1366 1027 1594 1125 caespitibus
1629 1027 1764 1104 crescit

482 1197 549 1270 per
571 1195 727 1246 omnem
749 1173 953 1262 Europam.
995 1173 1090 1244 Vere
1113 1163 1360 1240 fructificans.
1387 1163 1425 1252 Θ

380 1369 413 1438 5.
442 1370 661 1430 arvrrcvm,
689 1357 855 1413 erectum
878 1335 1132 1434 subsimplex,
1160 1335 1269 1412 foliis
1286 1336 1410 1411 ovetis
1426 1335 1654 1412 submuticis
1671 1362 1763 1411 con·

483 1482 584 1558 cavis
614 1475 870 1582 integerrimis
906 1473 1229 1564 conniventibus,
1271 1475 1379 1549 thece
1414 1461 1602 1550 immersa.
1657 1481 1761 1571 Spec.

484 1643 603 1694 muse.
659 1637 753 1705 .a3.

404 1765 480 1836 'In
504 1775 602 1832 terra
628 1643 732 1826 iiuda
769 1749 949 1851 argillosa
980 1767 1017 1824 et
1046 1775 1204 1827 arenosa
1238 1712 1367 1828 omnis
1396 1757 1572 1848 Europae
1601 1753 1768 1852 vulgare,

485 1921 573 1972 rere
594 1893 710 1992 viget.
733 1899 772 1977 Θ

436 2037 575 2111 Colore
597 2031 773 2104 bnmneo
795 2044 832 2100 et
852 2027 979 2098 nitore
1002 2023 1114 2100 facile
1138 2026 1181 2100 in
1204 2021 1341 2102 oculos
1362 2027 1534 2102 incurrit.
1568 2027 1675 2104 Folia
1700 2024 1770 2100 ob·

486 2185 653 2248 matut
676 2147 905 2264 quandoque
926 2163 1035 2238 brevi
1054 2187 1241 2240 mucrone
1254 2167 1457 2256 inumera,
1481 2185 1628 2256 tenera,
1647 2187 1770 2240 nervo

491 2305 539 2380 ad
562 2281 708 2403 apicem
729 2302 966 2400 pertingente
989 2273 1167 2424 subtili‘·

389 2481 434 2554 6.·
450 2479 766 2564 Cannrorrcvnr,
793 2490 958 2545 erectum
979 2470 1158 2569 simplex,
1192 2469 1301 2546 foliis
1323 2473 1546 2548 lanceolatis
1569 2473 1771 2549 solidiner·

486 2617 607 2688 ¹vibus
644 2609 896 2712 integerrimis
926 2609 1088 2706 patulis:
1136 2611 1298 2686 summis
1331 2610 1504 2713 oblongo
1522 2611 1772 2686 -lanceoiatis

494 2751 644 2838 erectis,
675 2749 782 2824 theca
802 2749 990 2822 immersa.
1026 2747 1119 2821 Ταῦ.
1144 2753 1212 2822 ΓΠ.
1269 2845 1274 2854 Ι

338 3007 343 3020 ,
442 2927 629 3002 Phascum
657 2919 958 3034 Cara‘iolicum,
1000 2921 1108 2998 foliis
1145 2921 1320 3022 oblongo
1338 2922 1616 3010 -acuminatis,
1653 2943 1773 2994 nemo

494 3065 613 3158 (non)
643 3085 905 3152 evanescente,
951 3059 1203 3136 inferioribus
1234 3059 1472 3156 patentibus,
1513 3057 1774 3158 superioribus
1866 3057 1870 3064 ’

493 3201 645 3288 erectis3
687 3201 892 3300 sporangio
927 3199 1041 3273 ovali.
1101 3195 1240 3273 Weber
1269 3214 1307 3270 et
1334 3197 1454 3270 Mohr
1480 3205 1615 3272 Botan.
1646 3203 1772 3291 Crypt.

495 3347 617 3414 Germ.
639 3363 674 3436 p.
694 3343 753 3434 69.

445 3479 587 3554 Crescit
608 3475 823 3552 solitarium
847 3471 890 3548 in
915 3491 1008 3548 terra
1032 3474 1173 3548 limosa
1194 3473 1299 3550 nucia
1325 3474 1538 3552 eanrioliae
1562 3472 1610 3547 ad
1631 3493 1776 3572 pagum

424 3580 429 3589 Ι
493 3611 693 3690 Nussdorf.
723 3623 762 3700 Θ
795 3611 906 3686 Misit
927 3611 1047 3686 amice
1068 3619 1117 3686 D.
1133 3611 1279 3686 Florae.

516 3785 661 3862 Radix
685 3809 705 3858 e
729 3781 838 3856 fibris
852 3782 1114 3878 capillaribus,
1136 3782 1287 3882 longis,
1314 3784 1486 3860 ramosis.
1542 3779 1684 3858 caule
1701 3805 1777 3856 erc·

392 3943 493 4012 ctus,
535 3925 696 4024 exiguus
728 3921 831 3996 linea
866 3943 974 4016 saepe
1004 3918 1174 4008 brevior,
1221 3899 1402 4016 simplex,
1442 3921 1558 3996 dense
1595 3921 1772 3996 foliosus.

390 4061 512 4136 Folia
534 4055 795 4162 integerrima:
835 4055 1019 4132 inferiore
1040 4076 1152 4132 ovata
1174 4057 1364 4154 patentia,
1394 4058 1590 4156 superiora
1612 4079 1649 4134 et
1666 4063 1777 4162 peri·

392 4197 549 4273 electerii
569 4195 928 4292 lineari-oblonga,
967 4218 1086 4269 nervo
1111 4195 1155 4270 in
1177 4195 1449 4272 brevissimum
1472 4221 1632 4274 acumen
1652 4209 1780 4274 exere-²

390 4355 537 4424 scente,
560 4361 704 4422 crasso,
727 4331 854 4408 viridi.
906 4332 1107 4410 Foliorum
1131 4359 1334 4436 compages
1359 4352 1396 4408 et
1418 4315 1622 4410 reticulum
1643 4332 1777 4432 spissa,

390 4473 527 4554 areolis
553 4471 799 4552 circularibus
826 4469 1080 4562 creberrimis,
1106 4495 1237 4554 versus
1262 4467 1373 4548 basin
1402 4469 1595 4576 oblongis
1623 4477 1669 4550 In
1694 4497 1775 4546 turo
