3984 5406
552 701 743 786 ‘Grimmia
781 725 817 804 4.
848 709 965 782 ovata}
1005 725 1040 800 5.
1068 707 1240 830 rhaetiae.
1544 733 1592 804 37

196 899 398 984 diversam
429 925 511 975 eam
533 925 612 976 esse
636 891 817 978 vidiss'm.¹
865 909 988 978 Erunt
1015 903 1135 993 forte,
1169 901 1238 1004 ¹qui
1267 887 1471 992 obiiciann
1510 929 1594 1000 spe·

194 1041 345 1112 cimina
373 1039 522 1113 dicrani
553 1047 676 1114 ovatt'
704 1040 863 1136 abipso
887 1049 1021 1114 Ioann.
1047 1042 1253 1143 Hedwigio
1281 1043 1525 1118 denominata
1552 1069 1592 1118 se

193 1178 363 1266 vidisse,
401 1203 497 1275 quae
518 1203 600 1252 non
622 1207 641 1251 a
663 1200 794 1254 nostra
817 1180 1001 1254 Grimmia
1025 1175 1201 1256 differant
1207 1209 1220 1272 3
1248 1183 1314 1259 sed
1336 1183 1466 1280 ipsum
1487 1181 1591 1257 Hed-

131 1391 135 1399 ,
189 1317 362 1416 wigium
384 1316 521 1390 dehac
543 1321 672 1412 planta
700 1307 921 1414 ambigisse,
956 1316 1051 1390 scio.

249 1465 345 1566 Tab.
370 1495 500 1564 XXIV.
523 1489 602 1587 Fig.
628 1513 659 1560 1.
697 1487 828 1560 Planta
850 1488 1014 1560 naturali
1043 1491 1320 1590 magnitudine.
1366 1491 1446 1591 Fig.
1472 1515 1507 1564 α.
1532 1514 1589 1564 ra·

299 1653 387 1716 mus¹
420 1612 506 1700 cum
530 1629 639 1699 theca
667 1643 704 1698 et
730 1627 912 1720 operculo
945 1625 1008 1725 fig.
1034 1651 1067 1716 5.
1093 1647 1128 1720 a.
1155 1649 1189 1716 5.
1214 1634 1248 1702 6.
1282 1627 1378 1702 folia
1405 1627 1589 1702 inferiora

301 1785 339 1839 et
361 1765 503 1852 media,
532 1763 594 1862 fig.
617 1786 650 1852 5.
677 1761 819 1837 folium
845 1763 1066 1859 perichaetii
1090 1765 1248 1838 feminei
1273 1791 1396 1865 augm.
1416 1773 1444 1839 I.
1467 1766 1530 1864 fig.
1550 1755 1594 1839 6.

252 1953 260 1963 ·
300 1903 392 1978 folii
416 1928 510 1999 apex
533 1921 569 1974 et
595 1901 657 1999 fig.
684 1929 717 1996 9.
742 1923 827 1998 pars
851 1901 977 1974 media
1002 1903 1153 1975 reticuli
1183 1929 1307 2003 augm.
1330 1909 1391 1976 IV.
1426 1901 1505 2000 rig.
1527 1925 1585 1974 10.

301 2041 485 2141 vaginula
517 2065 605 2110 cum
633 2037 790 2134 pistillis
826 2037 959 2112 tribus.
1010 2042 1175 2140 Fig.11.
1218 2043 1383 2139 calyptra
1408 2017 1532 2140 augm.
1554 2045 1585 2113 1.

297 2181 380 2288 ljig.
410 2201 467 2251 ια.
495 2177 766 2252 Peristomium
791 2201 915 2276 augm.
933 2185 995 2254 IV.

185 2408 226 2480 5.
261 2409 494 2470 meamea,
523 2383 629 2454 caule
650 2401 744 2478 vage
757 2404 923 2469 ramosa,
949 2381 1058 2456 foliis
1079 2377 1470 2456 lineari-lanceolatis
1495 2377 1586 2476 pili·

297 2521 410 2608 feris,
454 2521 561 2592 theca
592 2537 806 2618 emergente
836 2511 1010 2620 oblongo
1028 2561 1042 2578 ·
1058 2539 1189 2608 ovata,
1225 2523 1407 2615 operculo
1442 2515 1584 2591 conico

297 2661 391 2736 Tab.
419 2663 552 2732 XXIV.

239 2843 287 2914 G.
311 2835 556 2908 Brinniana
587 2827 696 2902 foliis
728 2829 900 2926 elliptico
918 2870 932 2888 ·
948 2831 1190 2930 lanceolatis3
1231 2829 1436 2931 sporangio
1460 2846 1586 2916 ovata,

286 2991 377 3046 aeta
399 2947 655 3068 longiuscula.
708 2967 805 3042 Web
831 2987 867 3040 et
891 2970 1019 3044 Mohr.
1038 2989 1146 3068 crypt
1172 2977 1294 3044 Germ.
1314 2995 1352 3068 p.
1372 2993 1388 3042 1
1396 2992 1455 3059 31,
1479 2969 1585 3062 Ang-

293 3113 430 3183 lorum
448 3105 742 3214 synonymicam
760 3108 931 3200 plantam
948 3108 1126 3183 nondum
1146 3107 1229 3185 vidi
1244 3109 1396 3184 siccam.
1450 3111 1585 3202 spren-

293 3248 360 3348 gel
388 3247 489 3318 Hall.
513 3239 826 3317 Literaturzeit.

236 3429 281 3499 G.
318 3409 534 3518 alpestris',
550 3414 747 3488 achleich.
771 3422 920 3489 centur.
950 3419 1002 3514 pl.
1027 3419 1175 3494 Helvet.

234 3604 357 3670 Lecta
402 3615 423 3662 a
458 3587 667 3685 Ludwigio
702 3585 746 3658 in
783 3589 929 3686 granite
970 3589 1172 3664 Sudetum-
1193 3593 1261 3683 (in
1303 3590 1381 3668 der
1414 3609 1583 3694 grosseti

290 3725 603 3830 Schneegrube,
630 3744 666 3822 et
687 3725 784 3798 circa
811 3727 881 3798 die
896 3726 1207 3830 Schneeioppe)
1233 3749 1270 3804 et
1292 3733 1335 3804 in
1357 3749 1490 3805 monte
1512 3727 1583 3802 Sil·

218 3935 226 3954 ,
289 3869 362 3970 ¹vio
388 3865 583 3940 Helvetiae
606 3889 626 3938 a
652 3863 908 3951 Schleichem,
936 3846 1051 3938 Iunia
1074 3867 1319 3944 fructificans.
1353 3879 1391 3957 Θ

229 4169 233 4178 Ι
314 4071 463 4146 Radix
481 4089 624 4154 tenera,
653 4065 854 4162 capillatis.
909 4065 1058 4141 caules
1072 4067 1114 4141 in
1133 4071 1310 4166 caespites
1331 4062 1580 4144 densos‘eon·

100 4255 114 4264 ·
193 4215 304 4316 gesti,
342 4183 484 4292 erecti‚·
507 4205 791 4304 vage-ramosi:
820 4206 935 4278 ramis
963 4205 1208 4304 longitudine
1231 4209 1348 4282 variis
1374 4233 1446 4281 nec
1471 4207 1584 4280 fasti·

192 4354 319 4453 giatis,
348 4344 609 4420 smnunciatea
651 4343 774 4416 Folia
798 4341 937 4440 spissa,
963 4343 1361 4436 lineari-lanceolata,
1387 4343 1506 4422 ¹nervo
1534 4350 1579 4420 in

191 4493 313 4588 pilum
350 4485 452 4560 folio
490 4481 566 4555 fere
602 4485 796 4583 aequalem
826 4481 1016 4555 subtiliter
1046 4472 1274 4582 erisparsim
1301 4485 1579 4567 denticulatum
