<?xml version="1.0" encoding="UTF-8"?>
<!DOCTYPE html PUBLIC "-//W3C//DTD XHTML 1.0 Transitional//EN"
    "http://www.w3.org/TR/xhtml1/DTD/xhtml1-transitional.dtd">
<html xmlns="http://www.w3.org/1999/xhtml" xml:lang="en" lang="en">
 <head>
  <title>
</title>
<meta http-equiv="Content-Type" content="text/html;charset=utf-8" />
  <meta name='ocr-system' content='tesseract 3.04.00' />
  <meta name='ocr-capabilities' content='ocr_page ocr_carea ocr_par ocr_line ocrx_word'/>
</head>
<body>
  <div class='ocr_page' id='page_1' title='image "./joannishedwigsp01schwgoog/joannishedwigsp01schwgoog_0062.png"; bbox 0 0 4078 5416; ppageno 0'>
   <div class='ocr_carea' id='block_1_1' title="bbox 740 625 1447 724">
    <p class='ocr_par' dir='ltr' id='par_1_1' title="bbox 740 625 1447 724">
     <span class='ocr_line' id='line_1_1' title="bbox 740 625 1447 724; baseline -0.003 -24"><span class='ocrx_word' id='word_1_1' title='bbox 740 625 928 700; x_wconf 61' lang='lat' dir='ltr'>&gt;andreaea</span> <span class='ocrx_word' id='word_1_2' title='bbox 974 650 1006 699; x_wconf 88' lang='lat'>1.</span> <span class='ocrx_word' id='word_1_3' title='bbox 1031 629 1218 722; x_wconf 67' lang='lat' dir='ltr'>reperiris.</span> <span class='ocrx_word' id='word_1_4' title='bbox 1253 639 1290 702; x_wconf 65' lang='lat' dir='ltr'>a.</span> <span class='ocrx_word' id='word_1_5' title='bbox 1313 630 1447 724; x_wconf 75' lang='grc' dir='ltr'><strong>αἷρίηα.</strong></span> 
     </span>
    </p>
   </div>
   <div class='ocr_carea' id='block_1_2' title="bbox 588 1167 1671 1389">
    <p class='ocr_par' dir='ltr' id='par_1_2' title="bbox 588 1167 1671 1389">
     <span class='ocr_line' id='line_1_2' title="bbox 588 1167 1671 1389; baseline -0.002 -49"><span class='ocrx_word' id='word_1_6' title='bbox 588 1167 1671 1389; x_wconf 23' lang='grc' dir='ltr'><strong>ἰΝυιιιιι·,</strong></span> 
     </span>
    </p>
   </div>
   <div class='ocr_carea' id='block_1_3' title="bbox 408 1451 1788 1576">
    <p class='ocr_par' dir='ltr' id='par_1_3' title="bbox 408 1451 1788 1576">
     <span class='ocr_line' id='line_1_3' title="bbox 408 1451 1788 1576; baseline -0.001 -32"><span class='ocrx_word' id='word_1_7' title='bbox 408 1467 777 1546; x_wconf 77' lang='lat' dir='ltr'>Peristomium</span> <span class='ocrx_word' id='word_1_8' title='bbox 804 1473 1267 1576; x_wconf 73' lang='lat' dir='ltr'>quadridentatumr.</span> <span class='ocrx_word' id='word_1_9' title='bbox 1295 1469 1520 1576; x_wconf 70' lang='lat' dir='ltr'>dentibus</span> <span class='ocrx_word' id='word_1_10' title='bbox 1539 1451 1631 1542; x_wconf 81' lang='lat' dir='ltr'>eeu</span> <span class='ocrx_word' id='word_1_11' title='bbox 1655 1489 1788 1565; x_wconf 85' lang='lat' dir='ltr'>oper·</span> 
     </span>
    </p>
   </div>
   <div class='ocr_carea' id='block_1_4' title="bbox 745 1573 1445 1710">
    <p class='ocr_par' dir='ltr' id='par_1_4' title="bbox 745 1573 1445 1710">
     <span class='ocr_line' id='line_1_4' title="bbox 745 1573 1445 1710; baseline -0.001 -30"><span class='ocrx_word' id='word_1_12' title='bbox 745 1611 851 1686; x_wconf 84' lang='lat' dir='ltr'>culo</span> <span class='ocrx_word' id='word_1_13' title='bbox 879 1613 1120 1710; x_wconf 85' lang='lat' dir='ltr'>styligero</span> <span class='ocrx_word' id='word_1_14' title='bbox 1147 1573 1445 1710; x_wconf 34' lang='lat' dir='ltr'>suba&#39;dnatis.</span> 
     </span>
    </p>
   </div>
   <div class='ocr_carea' id='block_1_5' title="bbox 414 1793 1788 2174">
    <p class='ocr_par' dir='ltr' id='par_1_5' title="bbox 414 1793 1788 2174">
     <span class='ocr_line' id='line_1_5' title="bbox 414 1793 1788 1900; baseline -0.002 -30"><span class='ocrx_word' id='word_1_15' title='bbox 414 1815 447 1870; x_wconf 84' lang='grc' dir='ltr'><strong>ι.</strong></span> <span class='ocrx_word' id='word_1_16' title='bbox 483 1819 730 1886; x_wconf 77' lang='lat' dir='ltr'>nvrusanrs,</span> <span class='ocrx_word' id='word_1_17' title='bbox 764 1803 869 1872; x_wconf 85' lang='lat' dir='ltr'>caule</span> <span class='ocrx_word' id='word_1_18' title='bbox 893 1823 1065 1886; x_wconf 86' lang='lat' dir='ltr'>ramoso,</span> <span class='ocrx_word' id='word_1_19' title='bbox 1101 1796 1210 1900; x_wconf 78' lang='lat' dir='ltr'>foliis</span> <span class='ocrx_word' id='word_1_20' title='bbox 1234 1795 1458 1870; x_wconf 81' lang='lat' dir='ltr'>laneeolotis</span> <span class='ocrx_word' id='word_1_21' title='bbox 1488 1795 1593 1892; x_wconf 82' lang='lat' dir='ltr'>apice</span> <span class='ocrx_word' id='word_1_22' title='bbox 1617 1793 1788 1894; x_wconf 79' lang='lat' dir='ltr'>obliquis</span> 
     </span>
     <span class='ocr_line' id='line_1_6' title="bbox 514 1931 1787 2030; baseline 0.003 -28"><span class='ocrx_word' id='word_1_23' title='bbox 514 1933 715 2005; x_wconf 89' lang='lat' dir='ltr'>enervibus</span> <span class='ocrx_word' id='word_1_24' title='bbox 747 1935 1016 2007; x_wconf 87' lang='lat' dir='ltr'>heteromallis.</span> <span class='ocrx_word' id='word_1_25' title='bbox 1057 1943 1160 2030; x_wconf 83' lang='lat' dir='ltr'>Sper.</span> <span class='ocrx_word' id='word_1_26' title='bbox 1191 1958 1310 2006; x_wconf 86' lang='lat' dir='ltr'>muse.</span> <span class='ocrx_word' id='word_1_27' title='bbox 1338 1959 1374 2028; x_wconf 87' lang='lat' dir='ltr'>p.</span> <span class='ocrx_word' id='word_1_28' title='bbox 1401 1949 1461 2024; x_wconf 87' lang='grc'><strong>47.</strong></span> <span class='ocrx_word' id='word_1_29' title='bbox 1493 1949 1520 2004; x_wconf 93' lang='lat' dir='ltr'>t.</span> <span class='ocrx_word' id='word_1_30' title='bbox 1545 1956 1580 2024; x_wconf 87' lang='lat'>7.</span> <span class='ocrx_word' id='word_1_31' title='bbox 1617 1931 1725 2008; x_wconf 85' lang='lat' dir='ltr'>Web.</span> <span class='ocrx_word' id='word_1_32' title='bbox 1751 1947 1787 2006; x_wconf 85' lang='lat' dir='ltr'>et</span> 
     </span>
     <span class='ocr_line' id='line_1_7' title="bbox 513 2069 1411 2174; baseline -0.003 -30"><span class='ocrx_word' id='word_1_33' title='bbox 513 2069 641 2144; x_wconf 89' lang='lat' dir='ltr'>Mohr.</span> <span class='ocrx_word' id='word_1_34' title='bbox 667 2091 784 2168; x_wconf 82' lang='lat' dir='ltr'><strong>crypt.</strong></span> <span class='ocrx_word' id='word_1_35' title='bbox 809 2079 929 2144; x_wconf 86' lang='lat' dir='ltr'>Germ.</span> <span class='ocrx_word' id='word_1_36' title='bbox 953 2093 990 2168; x_wconf 90' lang='lat' dir='ltr'>p.</span> <span class='ocrx_word' id='word_1_37' title='bbox 1011 2089 1102 2174; x_wconf 71' lang='grc' dir='ltr'>364.Ι</span> <span class='ocrx_word' id='word_1_38' title='bbox 1118 2087 1144 2170; x_wconf 75' lang='lat' dir='ltr'>t.</span> <span class='ocrx_word' id='word_1_39' title='bbox 1173 2095 1230 2143; x_wconf 88' lang='grc' dir='ltr'><strong>ιι.</strong></span> <span class='ocrx_word' id='word_1_40' title='bbox 1257 2069 1284 2142; x_wconf 85' lang='lat' dir='ltr'>f.</span> <span class='ocrx_word' id='word_1_41' title='bbox 1313 2092 1347 2158; x_wconf 88' lang='lat'>5.</span> <span class='ocrx_word' id='word_1_42' title='bbox 1376 2074 1411 2142; x_wconf 88' lang='lat'>6.</span> 
     </span>
    </p>
   </div>
   <div class='ocr_carea' id='block_1_6' title="bbox 462 2239 1789 2338">
    <p class='ocr_par' dir='ltr' id='par_1_6' title="bbox 462 2239 1789 2338">
     <span class='ocr_line' id='line_1_8' title="bbox 462 2239 1789 2338; baseline -0.002 -22"><span class='ocrx_word' id='word_1_43' title='bbox 462 2249 508 2316; x_wconf 90' lang='lat' dir='ltr'>In</span> <span class='ocrx_word' id='word_1_44' title='bbox 541 2241 709 2338; x_wconf 86' lang='lat' dir='ltr'>rupibus.</span> <span class='ocrx_word' id='word_1_45' title='bbox 730 2242 846 2314; x_wconf 87' lang='lat' dir='ltr'>nudis</span> <span class='ocrx_word' id='word_1_46' title='bbox 878 2242 1015 2338; x_wconf 85' lang='lat' dir='ltr'><strong>apricis</strong></span> <span class='ocrx_word' id='word_1_47' title='bbox 1048 2240 1291 2338; x_wconf 71' lang='lat' dir='ltr'>alpestribusa</span> <span class='ocrx_word' id='word_1_48' title='bbox 1325 2265 1412 2314; x_wconf 87' lang='lat' dir='ltr'>vere</span> <span class='ocrx_word' id='word_1_49' title='bbox 1435 2257 1473 2313; x_wconf 88' lang='lat' dir='ltr'>et</span> <span class='ocrx_word' id='word_1_50' title='bbox 1499 2239 1635 2314; x_wconf 85' lang='lat' dir='ltr'>aestate&#39;</span> <span class='ocrx_word' id='word_1_51' title='bbox 1653 2239 1789 2314; x_wconf 87' lang='lat' dir='ltr'>fructi·</span> 
     </span>
    </p>
   </div>
   <div class='ocr_carea' id='block_1_7' title="bbox 513 2379 737 2467">
    <p class='ocr_par' dir='ltr' id='par_1_7' title="bbox 513 2379 737 2467">
     <span class='ocr_line' id='line_1_9' title="bbox 513 2379 737 2467; baseline 0 -15"><span class='ocrx_word' id='word_1_52' title='bbox 513 2379 601 2452; x_wconf 84' lang='lat' dir='ltr'>fera.</span> <span class='ocrx_word' id='word_1_53' title='bbox 626 2388 661 2467; x_wconf 72' lang='lat' dir='ltr'>ll</span> <span class='ocrx_word' id='word_1_54' title='bbox 735 2430 737 2442; x_wconf 85' lang='lat'>·</span> 
     </span>
    </p>
   </div>
   <div class='ocr_carea' id='block_1_8' title="bbox 411 2545 1795 2922">
    <p class='ocr_par' dir='ltr' id='par_1_8' title="bbox 411 2545 1795 2922">
     <span class='ocr_line' id='line_1_10' title="bbox 411 2545 1790 2652; baseline -0.003 -28"><span class='ocrx_word' id='word_1_55' title='bbox 411 2573 448 2626; x_wconf 69' lang='grc' dir='ltr'><strong>ι.</strong></span> <span class='ocrx_word' id='word_1_56' title='bbox 484 2577 657 2652; x_wconf 71' lang='lat' dir='ltr'>aratur,</span> <span class='ocrx_word' id='word_1_57' title='bbox 698 2553 804 2626; x_wconf 88' lang='lat' dir='ltr'>caule</span> <span class='ocrx_word' id='word_1_58' title='bbox 831 2573 1003 2636; x_wconf 85' lang='lat' dir='ltr'>ramoso,</span> <span class='ocrx_word' id='word_1_59' title='bbox 1036 2547 1145 2622; x_wconf 87' lang='lat' dir='ltr'>foliis</span> <span class='ocrx_word' id='word_1_60' title='bbox 1177 2549 1397 2622; x_wconf 87' lang='lat' dir='ltr'>lanceolatis</span> <span class='ocrx_word' id='word_1_61' title='bbox 1436 2551 1541 2646; x_wconf 87' lang='lat' dir='ltr'>apice</span> <span class='ocrx_word' id='word_1_62' title='bbox 1571 2545 1790 2644; x_wconf 72' lang='lat' dir='ltr'>aequalibus</span> 
     </span>
     <span class='ocr_line' id='line_1_11' title="bbox 517 2683 1795 2784; baseline -0.003 -24"><span class='ocrx_word' id='word_1_63' title='bbox 517 2689 717 2762; x_wconf 84' lang='lat' dir='ltr'>enervibus</span> <span class='ocrx_word' id='word_1_64' title='bbox 744 2689 972 2784; x_wconf 87' lang='lat' dir='ltr'>patentibus.</span> <span class='ocrx_word' id='word_1_65' title='bbox 1007 2693 1109 2784; x_wconf 86' lang='lat' dir='ltr'>Spoo.</span> <span class='ocrx_word' id='word_1_66' title='bbox 1145 2711 1265 2759; x_wconf 78' lang='lat' dir='ltr'>muso.</span> <span class='ocrx_word' id='word_1_67' title='bbox 1295 2713 1332 2784; x_wconf 90' lang='lat' dir='ltr'>p.</span> <span class='ocrx_word' id='word_1_68' title='bbox 1363 2705 1424 2779; x_wconf 80' lang='grc'><strong>47.</strong></span> <span class='ocrx_word' id='word_1_69' title='bbox 1469 2685 1577 2763; x_wconf 86' lang='lat' dir='ltr'>Web.</span> <span class='ocrx_word' id='word_1_70' title='bbox 1602 2703 1639 2759; x_wconf 86' lang='lat' dir='ltr'>et</span> <span class='ocrx_word' id='word_1_71' title='bbox 1659 2683 1795 2758; x_wconf 75' lang='lat' dir='ltr'>Mohr.</span> 
     </span>
     <span class='ocr_line' id='line_1_12' title="bbox 517 2797 1271 2922; baseline -0.005 -22"><span class='ocrx_word' id='word_1_72' title='bbox 517 2829 643 2922; x_wconf 84' lang='lat' dir='ltr'>Crypt.</span> <span class='ocrx_word' id='word_1_73' title='bbox 672 2797 854 2922; x_wconf 72' lang='lat' dir='ltr'>Gem1.⁸p.</span> <span class='ocrx_word' id='word_1_74' title='bbox 880 2845 964 2914; x_wconf 76' lang='lat'>333.</span> <span class='ocrx_word' id='word_1_75' title='bbox 988 2845 1015 2897; x_wconf 88' lang='lat' dir='ltr'>t.</span> <span class='ocrx_word' id='word_1_76' title='bbox 1046 2849 1103 2897; x_wconf 84' lang='lat'>11.</span> <span class='ocrx_word' id='word_1_77' title='bbox 1129 2824 1155 2898; x_wconf 89' lang='lat' dir='ltr'>f.</span> <span class='ocrx_word' id='word_1_78' title='bbox 1184 2848 1218 2914; x_wconf 78' lang='lat'>3.</span> <span class='ocrx_word' id='word_1_79' title='bbox 1236 2843 1271 2917; x_wconf 83' lang='lat'>4.</span> 
     </span>
    </p>
   </div>
   <div class='ocr_carea' id='block_1_9' title="bbox 465 2993 1790 3232">
    <p class='ocr_par' dir='ltr' id='par_1_9' title="bbox 465 2993 1790 3232">
     <span class='ocr_line' id='line_1_13' title="bbox 465 2993 1790 3094; baseline 0.001 -24"><span class='ocrx_word' id='word_1_80' title='bbox 465 3003 512 3070; x_wconf 88' lang='lat' dir='ltr'>In</span> <span class='ocrx_word' id='word_1_81' title='bbox 539 2997 698 3094; x_wconf 90' lang='lat' dir='ltr'>rupibus</span> <span class='ocrx_word' id='word_1_82' title='bbox 722 2998 837 3071; x_wconf 85' lang='lat' dir='ltr'>nudis</span> <span class='ocrx_word' id='word_1_83' title='bbox 858 2998 994 3094; x_wconf 81' lang='lat' dir='ltr'>apricis</span> <span class='ocrx_word' id='word_1_84' title='bbox 1022 3017 1059 3072; x_wconf 89' lang='lat' dir='ltr'>et</span> <span class='ocrx_word' id='word_1_85' title='bbox 1082 2995 1345 3072; x_wconf 85' lang='lat' dir='ltr'>subumbrosis</span> <span class='ocrx_word' id='word_1_86' title='bbox 1370 2993 1589 3091; x_wconf 87' lang='lat' dir='ltr'>alpestrium</span> <span class='ocrx_word' id='word_1_87' title='bbox 1610 2995 1790 3071; x_wconf 89' lang='lat' dir='ltr'>locorum</span> 
     </span>
     <span class='ocr_line' id='line_1_14' title="bbox 517 3135 920 3232; baseline -0.005 -24"><span class='ocrx_word' id='word_1_88' title='bbox 517 3135 653 3210; x_wconf 85' lang='lat' dir='ltr'>eodem</span> <span class='ocrx_word' id='word_1_89' title='bbox 674 3153 855 3232; x_wconf 86' lang='lat' dir='ltr'>tempore.</span> <span class='ocrx_word' id='word_1_90' title='bbox 885 3144 920 3223; x_wconf 71' lang='lat'>21.</span> 
     </span>
    </p>
   </div>
   <div class='ocr_carea' id='block_1_10' title="bbox 413 3306 1829 4561">
    <p class='ocr_par' dir='ltr' id='par_1_10' title="bbox 511 3306 1789 3410">
     <span class='ocr_line' id='line_1_15' title="bbox 511 3306 1789 3410; baseline -0.002 -28"><span class='ocrx_word' id='word_1_91' title='bbox 511 3405 513 3410; x_wconf 17' lang='grc' dir='ltr'>ι</span> <span class='ocrx_word' id='word_1_92' title='bbox 546 3307 638 3384; x_wconf 88' lang='lat' dir='ltr'><em>Obs.</em></span> <span class='ocrx_word' id='word_1_93' title='bbox 666 3309 865 3383; x_wconf 84' lang='lat' dir='ltr'>Foliorum</span> <span class='ocrx_word' id='word_1_94' title='bbox 881 3306 1084 3380; x_wconf 87' lang='lat' dir='ltr'>reticulum</span> <span class='ocrx_word' id='word_1_95' title='bbox 1105 3324 1147 3380; x_wconf 91' lang='lat' dir='ltr'>ut</span> <span class='ocrx_word' id='word_1_96' title='bbox 1168 3307 1210 3378; x_wconf 89' lang='lat' dir='ltr'>in</span> <span class='ocrx_word' id='word_1_97' title='bbox 1226 3323 1405 3406; x_wconf 85' lang='lat' dir='ltr'>sequente</span> <span class='ocrx_word' id='word_1_98' title='bbox 1421 3306 1570 3401; x_wconf 86' lang='lat' dir='ltr'>planta,</span> <span class='ocrx_word' id='word_1_99' title='bbox 1597 3306 1661 3378; x_wconf 88' lang='lat' dir='ltr'>sed</span> <span class='ocrx_word' id='word_1_100' title='bbox 1685 3331 1789 3380; x_wconf 85' lang='lat' dir='ltr'>areo·</span> 
     </span>
    </p>

    <p class='ocr_par' dir='ltr' id='par_1_11' title="bbox 413 3443 1829 4508">
     <span class='ocr_line' id='line_1_16' title="bbox 413 3443 1829 3544; baseline 0.004 -29"><span class='ocrx_word' id='word_1_101' title='bbox 413 3444 473 3515; x_wconf 87' lang='lat' dir='ltr'>lae</span> <span class='ocrx_word' id='word_1_102' title='bbox 499 3445 662 3540; x_wconf 75' lang='lat' dir='ltr'>majores</span> <span class='ocrx_word' id='word_1_103' title='bbox 686 3472 801 3544; x_wconf 85' lang='lat' dir='ltr'>eaque</span> <span class='ocrx_word' id='word_1_104' title='bbox 825 3445 871 3516; x_wconf 86' lang='lat' dir='ltr'>de</span> <span class='ocrx_word' id='word_1_105' title='bbox 893 3469 1002 3518; x_wconf 90' lang='lat' dir='ltr'>causa</span> <span class='ocrx_word' id='word_1_106' title='bbox 1027 3471 1154 3518; x_wconf 84' lang='lat' dir='ltr'>earum</span> <span class='ocrx_word' id='word_1_107' title='bbox 1180 3446 1291 3516; x_wconf 85' lang='lat' dir='ltr'>series</span> <span class='ocrx_word' id='word_1_108' title='bbox 1316 3443 1516 3540; x_wconf 82' lang='lat' dir='ltr'>pauciores</span> <span class='ocrx_word' id='word_1_109' title='bbox 1541 3463 1640 3518; x_wconf 86' lang='lat' dir='ltr'>sunt.</span> <span class='ocrx_word' id='word_1_110' title='bbox 1676 3453 1789 3520; x_wconf 87' lang='lat' dir='ltr'>Com·</span> <span class='ocrx_word' id='word_1_111' title='bbox 1820 3511 1829 3528; x_wconf 85' lang='lat'><strong>.</strong></span> 
     </span>
     <span class='ocr_line' id='line_1_17' title="bbox 413 3581 1790 3680; baseline 0.007 -29"><span class='ocrx_word' id='word_1_112' title='bbox 413 3603 526 3678; x_wconf 80' lang='lat' dir='ltr'>pagos</span> <span class='ocrx_word' id='word_1_113' title='bbox 555 3583 645 3656; x_wconf 89' lang='lat' dir='ltr'>haee</span> <span class='ocrx_word' id='word_1_114' title='bbox 676 3583 864 3657; x_wconf 86' lang='lat' dir='ltr'>foliorum</span> <span class='ocrx_word' id='word_1_115' title='bbox 898 3583 1101 3680; x_wconf 88' lang='lat' dir='ltr'>peculiaris</span> <span class='ocrx_word' id='word_1_116' title='bbox 1134 3601 1206 3668; x_wconf 88' lang='lat' dir='ltr'>est,</span> <span class='ocrx_word' id='word_1_117' title='bbox 1251 3581 1316 3654; x_wconf 88' lang='lat' dir='ltr'>sed</span> <span class='ocrx_word' id='word_1_118' title='bbox 1348 3585 1471 3654; x_wconf 90' lang='lat' dir='ltr'>multo</span> <span class='ocrx_word' id='word_1_119' title='bbox 1503 3583 1669 3656; x_wconf 87' lang='lat' dir='ltr'>similior</span> <span class='ocrx_word' id='word_1_120' title='bbox 1693 3605 1790 3660; x_wconf 89' lang='lat' dir='ltr'>stru-</span> 
     </span>
     <span class='ocr_line' id='line_1_18' title="bbox 417 3717 1790 3818; baseline 0.005 -30"><span class='ocrx_word' id='word_1_121' title='bbox 417 3735 543 3790; x_wconf 87' lang='lat' dir='ltr'>cturae</span> <span class='ocrx_word' id='word_1_122' title='bbox 566 3717 656 3790; x_wconf 80' lang='lat' dir='ltr'>folii</span> <span class='ocrx_word' id='word_1_123' title='bbox 678 3721 719 3790; x_wconf 93' lang='lat' dir='ltr'>in</span> <span class='ocrx_word' id='word_1_124' title='bbox 741 3746 875 3793; x_wconf 79' lang='lat' dir='ltr'>musco</span> <span class='ocrx_word' id='word_1_125' title='bbox 904 3720 1111 3808; x_wconf 87' lang='lat' dir='ltr'>frondoso,</span> <span class='ocrx_word' id='word_1_126' title='bbox 1140 3741 1255 3814; x_wconf 79' lang='lat' dir='ltr'>quam</span> <span class='ocrx_word' id='word_1_127' title='bbox 1276 3719 1317 3788; x_wconf 92' lang='lat' dir='ltr'>in</span> <span class='ocrx_word' id='word_1_128' title='bbox 1338 3721 1511 3814; x_wconf 89' lang='lat' dir='ltr'>leproso,</span> <span class='ocrx_word' id='word_1_129' title='bbox 1538 3722 1581 3792; x_wconf 93' lang='lat' dir='ltr'>in</span> <span class='ocrx_word' id='word_1_130' title='bbox 1609 3745 1685 3818; x_wconf 93' lang='lat' dir='ltr'>quo</span> <span class='ocrx_word' id='word_1_131' title='bbox 1710 3745 1790 3794; x_wconf 88' lang='lat' dir='ltr'>cae·</span> 
     </span>
     <span class='ocr_line' id='line_1_19' title="bbox 417 3857 1790 3955; baseline 0.007 -29"><span class='ocrx_word' id='word_1_132' title='bbox 417 3872 540 3926; x_wconf 82' lang='lat' dir='ltr'>terum</span> <span class='ocrx_word' id='word_1_133' title='bbox 561 3857 715 3928; x_wconf 91' lang='lat' dir='ltr'>nullum</span> <span class='ocrx_word' id='word_1_134' title='bbox 738 3881 884 3932; x_wconf 81' lang='lat' dir='ltr'>verum</span> <span class='ocrx_word' id='word_1_135' title='bbox 896 3857 1057 3954; x_wconf 82' lang='lat' dir='ltr'>solium</span> <span class='ocrx_word' id='word_1_136' title='bbox 1082 3857 1265 3928; x_wconf 86' lang='lat' dir='ltr'>uninerve</span> <span class='ocrx_word' id='word_1_137' title='bbox 1287 3875 1441 3950; x_wconf 84' lang='lat' dir='ltr'>prostat.</span> <span class='ocrx_word' id='word_1_138' title='bbox 1495 3863 1543 3930; x_wconf 91' lang='lat' dir='ltr'>Et</span> <span class='ocrx_word' id='word_1_139' title='bbox 1563 3859 1637 3930; x_wconf 88' lang='lat' dir='ltr'>hoo</span> <span class='ocrx_word' id='word_1_140' title='bbox 1658 3859 1790 3955; x_wconf 86' lang='lat' dir='ltr'>ipsum</span> 
     </span>
     <span class='ocr_line' id='line_1_20' title="bbox 418 3993 1793 4094; baseline 0.006 -30"><span class='ocrx_word' id='word_1_141' title='bbox 418 4011 685 4092; x_wconf 84' lang='lat' dir='ltr'>argumentum</span> <span class='ocrx_word' id='word_1_142' title='bbox 707 3993 752 4066; x_wconf 87' lang='lat' dir='ltr'>ad</span> <span class='ocrx_word' id='word_1_143' title='bbox 775 3995 843 4066; x_wconf 86' lang='lat' dir='ltr'>illa</span> <span class='ocrx_word' id='word_1_144' title='bbox 866 3995 1033 4083; x_wconf 84' lang='lat' dir='ltr'>accedit,</span> <span class='ocrx_word' id='word_1_145' title='bbox 1068 3994 1206 4092; x_wconf 89' lang='lat' dir='ltr'>quibus</span> <span class='ocrx_word' id='word_1_146' title='bbox 1231 4013 1446 4066; x_wconf 85' lang='lat' dir='ltr'>commotus</span> <span class='ocrx_word' id='word_1_147' title='bbox 1467 3995 1692 4094; x_wconf 84' lang='lat' dir='ltr'>Hedwigius</span> <span class='ocrx_word' id='word_1_148' title='bbox 1715 3999 1793 4072; x_wconf 84' lang='lat' dir='ltr'>An·</span> 
     </span>
     <span class='ocr_line' id='line_1_21' title="bbox 418 4127 1792 4236; baseline 0.007 -38"><span class='ocrx_word' id='word_1_149' title='bbox 418 4127 587 4202; x_wconf 79' lang='lat' dir='ltr'>dreaeam</span> <span class='ocrx_word' id='word_1_150' title='bbox 608 4131 749 4206; x_wconf 86' lang='lat' dir='ltr'>muscis</span> <span class='ocrx_word' id='word_1_151' title='bbox 771 4131 967 4206; x_wconf 86' lang='lat' dir='ltr'>frondosis</span> <span class='ocrx_word' id='word_1_152' title='bbox 994 4131 1166 4207; x_wconf 89' lang='lat' dir='ltr'>inseruit.</span> <span class='ocrx_word' id='word_1_153' title='bbox 1220 4131 1363 4204; x_wconf 85' lang='lat' dir='ltr'>Melior</span> <span class='ocrx_word' id='word_1_154' title='bbox 1385 4129 1483 4204; x_wconf 86' lang='lat' dir='ltr'>forte</span> <span class='ocrx_word' id='word_1_155' title='bbox 1505 4131 1614 4203; x_wconf 85' lang='lat' dir='ltr'>locus</span> <span class='ocrx_word' id='word_1_156' title='bbox 1638 4131 1685 4204; x_wconf 85' lang='lat' dir='ltr'>ad</span> <span class='ocrx_word' id='word_1_157' title='bbox 1707 4157 1792 4236; x_wconf 64' lang='lat' dir='ltr'>mu3</span> 
     </span>
     <span class='ocr_line' id='line_1_22' title="bbox 419 4265 1793 4372; baseline 0.003 -30"><span class='ocrx_word' id='word_1_158' title='bbox 419 4291 572 4342; x_wconf 81' lang='lat' dir='ltr'>acorum</span> <span class='ocrx_word' id='word_1_159' title='bbox 596 4265 710 4342; x_wconf 85' lang='lat' dir='ltr'>finem</span> <span class='ocrx_word' id='word_1_160' title='bbox 736 4271 947 4346; x_wconf 85' lang='lat' dir='ltr'>Andreaeae</span> <span class='ocrx_word' id='word_1_161' title='bbox 970 4271 1247 4372; x_wconf 80' lang='lat' dir='ltr'>designaretur:</span> <span class='ocrx_word' id='word_1_162' title='bbox 1289 4269 1461 4342; x_wconf 90' lang='lat' dir='ltr'>sedtum</span> <span class='ocrx_word' id='word_1_163' title='bbox 1490 4268 1617 4342; x_wconf 86' lang='lat' dir='ltr'>omnis</span> <span class='ocrx_word' id='word_1_164' title='bbox 1640 4295 1793 4346; x_wconf 88' lang='lat' dir='ltr'>musco·</span> 
     </span>
     <span class='ocr_line' id='line_1_23' title="bbox 418 4404 1790 4508; baseline -0.001 -26"><span class='ocrx_word' id='word_1_165' title='bbox 418 4429 505 4482; x_wconf 85' lang='lat' dir='ltr'>rum</span> <span class='ocrx_word' id='word_1_166' title='bbox 525 4404 801 4484; x_wconf 74' lang='lat' dir='ltr'>frondosarum</span> <span class='ocrx_word' id='word_1_167' title='bbox 823 4409 919 4486; x_wconf 86' lang='lat' dir='ltr'>ordo</span> <span class='ocrx_word' id='word_1_168' title='bbox 941 4407 1186 4490; x_wconf 69' lang='lat' dir='ltr'>inserendus</span> <span class='ocrx_word' id='word_1_169' title='bbox 1220 4427 1333 4500; x_wconf 86' lang='lat' dir='ltr'>esset,</span> <span class='ocrx_word' id='word_1_170' title='bbox 1370 4405 1436 4508; x_wconf 88' lang='lat' dir='ltr'>qui</span> <span class='ocrx_word' id='word_1_171' title='bbox 1463 4429 1569 4480; x_wconf 89' lang='lat' dir='ltr'>nunc</span> <span class='ocrx_word' id='word_1_172' title='bbox 1599 4431 1619 4482; x_wconf 88' lang='lat' dir='ltr'>a</span> <span class='ocrx_word' id='word_1_173' title='bbox 1644 4407 1790 4506; x_wconf 89' lang='lat' dir='ltr'>simpli·</span> 
     </span>
    </p>

    <p class='ocr_par' dir='ltr' id='par_1_12' title="bbox 825 4523 850 4561">
     <span class='ocr_line' id='line_1_24' title="bbox 825 4523 850 4561; baseline 0 -8"><span class='ocrx_word' id='word_1_174' title='bbox 825 4523 850 4561; x_wconf 75' lang='lat'>·.‹</span> 
     </span>
    </p>
   </div>
   <div class='ocr_carea' id='block_1_11' title="bbox 0 0 2058 5416">
    <p class='ocr_par' dir='ltr' id='par_1_13' title="bbox 0 0 2058 5416">
     <span class='ocr_line' id='line_1_25' title="bbox 0 0 2058 5416; baseline 0 0"><span class='ocrx_word' id='word_1_175' title='bbox 0 0 2058 5416; x_wconf 95' lang='lat' dir='ltr'> </span> 
     </span>
    </p>
   </div>
  </div>
 </body>
</html>
