3934 5424
852 703 857 714 .
931 642 1072 716 Mettio
1109 663 1144 716 1.
1167 642 1359 736 uliginosa.

1062 1337 1074 1368 ἱ

753 1464 1502 1564 ΜΕΕΒΙΑ

465 1708 808 1787 Peristomium
849 1707 1049 1806 duplex:
1098 1671 1312 1786 exterius
1358 1702 1593 1784 dentrbus
1633 1695 1818 1782 sederim,

472 1857 756 1980 obtusis,
791 1855 1043 1952 brevibus5
1080 1866 1286 1936 interius
1318 1845 1552 1990 dentibus
1576 1857 1766 1972 sedecim

485 1994 488 2009 ¹
573 2013 576 2022 '
645 2036 791 2112 opere
820 2008 1088 2090 reticulato
1119 2037 1357 2094 conncxrs
1377 2013 1679 2089 autlrbcrrs
1742 2116 1748 2129 ¹

507 2153 672 2282 Pieres
692 2204 988 2296 terminales,
1018 2139 1401 2306 gemmiformes,
1427 2189 1800 2302 hermaphroditi.

566 2423 730 2526 Habitus
757 2425 953 2520 bryomm.
1011 2427 1142 2496 caules
1168 2424 1372 2520 simplices,
1400 2424 1525 2496 erecti.
1582 2431 1687 2498 Setae
1705 2419 1824 2508 longae.

461 2560 615 2638 'turcae
651 2561 854 2660 oblongae,
890 2561 1077 2663 curvuiue.
1132 2563 1327 2636 character
1368 2558 1580 2634 essentialis
1623 2545 1828 2655 cognoscitur

463 2697 620 2772 externi
636 2696 853 2793 peristomii
873 2675 1050 2769 dentibus
1075 2695 1229 2769 interno
1264 2692 1428 2767 dimidio
1461 2693 1715 2792 brevioribus,
1745 2683 1829 2756 οδω·

465 2832 532 2920 sis,
555 2832 715 2918 terreris,
747 2830 913 2928 pallidis.
995 2837 1137 2904 luterni
1177 2847 1379 2905 contextus
1412 2833 1734 2911 membranaceus,
1764 2812 1830 2887 sut

464 2966 718 3067 spongiosus:
754 2971 877 3040 dentes
898 2966 1320 3052 lanceolam-lineares,
1355 2983 1464 3040 extus
1491 2967 1668 3052 camneti,
1695 2947 1830 3033 extemis

432 3176 435 3184 .
465 3103 646 3178 dentibus
668 3101 898 3200 interpositi,
926 3119 991 3177 sut
1008 3101 1131 3199 spatio
1156 3103 1301 3200 aequali
1319 3104 1365 3174 ab
1378 3104 1548 3176 invicem
1563 3101 1699 3178 remoti
1721 3111 1754 3167 et
1765 3109 1830 3160 tum

462 3241 685 3314 membrano
711 3241 889 3313 cellulosu
915 3238 1042 3338 fugaci
1057 3239 1159 3310 inter
1177 3263 1216 3311 se
1242 3237 1410 3326 connati,
1435 3258 1501 3311 aut
1517 3267 1586 3337 per
1611 3237 1831 3338 pariarppro·

423 3373 427 3380 ’
462 3378 621 3464 rimati,
658 3375 781 3448 liberi
871 3383 974 3449 Haec
1003 3399 1095 3448 vero
1132 3390 1197 3446 aut
1231 3375 1455 3448 coniunctio
1491 3395 1565 3448 aut
1596 3371 1768 3474 separatio
1800 3361 1831 3431 in

464 3517 541 3590 hoc
572 3537 708 3612 genere
741 3511 870 3612 exigui
907 3511 1096 3586 momenti
1126 3528 1200 3597 est,
1238 3535 1358 3607 quum
1398 3535 1481 3584 non
1518 3517 1646 3588 solum
1687 3503 1833 3584 dentium

397 3697 409 3720 ι
467 3669 713 3726 extentorum
740 3667 778 3720 et
805 3649 1046 3721 internorum
1075 3645 1289 3744 florumque
1317 3665 1522 3739 structura,
1562 3651 1630 3724 sed
1664 3648 1769 3722 etiam
1786 3639 1834 3710 hr-

463 3789 569 3863 bitus
593 3785 773 3860 omnium
803 3783 1016 3882 specierum
1049 3785 1215 3858 maxime
1249 3802 1444 3884 congruat.

468 4005 501 4056 1.
528 3999 770 4064 unrorrtosr,
800 3973 908 4047 foliis
932 3973 1133 4074 lingulatis
1156 3973 1428 4072 obtusiusculis
1455 3974 1722 4077 integerrimis.
1751 3973 1834 4062 Sptt·

565 4139 686 4190 muso.
710 4139 751 4210 p.
783 4132 866 4200 173.
894 4110 1006 4206 Stirp.
1034 4127 1154 4210 crypt.
1182 4117 1211 4182 I.
1244 4136 1282 4207 p.
1314 4134 1346 4182 1.
1374 4127 1401 4182 t.
1426 4137 1461 4186 2.

512 4264 731 4360 β,ιιιίιιοι,
768 4260 877 4335 foliis
918 4261 1205 4362 angustioribus
1253 4259 1513 4362 rigidioribus.
1560 4263 1707 4342 Moesis
1736 4257 1837 4334 miror

566 4399 669 4474 Brid.
700 4401 910 4500 muscolog.
935 4403 982 4472 11.
1012 4420 1045 4488 5.
1069 4417 1097 4476 t.
1124 4424 1158 4476 r.
1192 4397 1220 4475 fi
1254 4421 1311 4490 13.
1345 4399 1469 4475 a-d.
