3924 5424
459 697 538 782 3'10
735 681 982 764 stlyericlrum
1011 700 1042 750 1.
1071 678 1331 773 irmiperioum.
1369 701 1405 752 a.
1432 683 1594 779 olpestre·

510 884 556 953 In
587 872 694 977 siluis
728 891 766 944 et
803 869 967 944 collibus
1000 831 1225 946 sicciorihus
1261 869 1391 946 omnis
1422 875 1597 970 Europae
1627 889 1662 947 et
1689 870 1811 947 borealia
1913 939 1914 950 ,

561 1009 778 1096 Amerioae3
806 1032 895 1082 vere
925 1025 1128 1080 maturum.
1182 1017 1225 1096 tt.

562 1168 738 1264 Calyptra
767 1189 860 1237 cana
896 1180 940 1235 et·
966 1160 1169 1258 pallidior,
1213 1185 1329 1257 quam
1363 1178 1600 1238 caeterorum
1633 1159 1817 1262 polytricho·
1913 1203 1914 1220 .

458 1334 567 1393 rum,
593 1303 756 1401 quadarn
784 1299 1007 1406 glaucedine
1036 1297 1168 1382 tincta,
1196 1296 1354 1396 longior
1378 1324 1493 1398 quam
1520 1301 1606 1388 lata,
1632 1299 1704 1372 basi
1724 1296 1818 1393 paullo

464 1443 648 1540 amplior3
683 1441 789 1512 theca
808 1463 917 1534 saepe
935 1454 1076 1508 nutans
1093 1451 1131 1505 et
1160 1434 1270 1530 quasi
1298 1413 1472 1525 infracta,
1501 1435 1708 1535 peristomii
1727 1433 1822 1504 dentes

461 1587 530 1676 64,
558 1577 704 1666 obtusi,
733 1575 863 1648 albidi.
917 1573 1045 1682 Varias
1068 1569 1357 1672 magnitudine,
1385 1579 1469 1648 non
1496 1599 1589 1650 vero
1615 1575 1760 1676 partium
1782 1567 1822 1638 iu·

421 1743 428 1758 ’
460 1739 520 1794 ter
546 1743 586 1791 se
617 1716 817 1824 obtinente
842 1710 1001 1784 ratione.
1071 1710 1164 1783 Eius
1201 1708 1331 1783 minor
1356 1711 1517 1788 varietas
1549 1715 1686 1790 dicitur
1710 1737 1728 1784 a
1754 1727 1826 1778 non·

461 1857 583 1932 nullis
610 1850 806 1950 bryologis
834 1875 874 1958 P·.
900 1874 1101 1922 canescens.

561 1989 827 2085 Polynichum
855 1990 1025 2060 strictum
1046 1980 1255 2055 Menziesii
1278 2001 1347 2057 act.
1372 2009 1448 2060 soc.
1476 1987 1593 2062 Linn.
1618 1980 1733 2060 Lonch
1756 1993 1784 2068 4.
1801 1997 1826 2070 p·

461 2156 522 2226 77.
548 2148 575 2203 t.
611 2151 644 2220 7.
671 2126 697 2200 f.
729 2151 760 2200 1.
791 2123 1001 2196 secundum
1025 2119 1236 2218 specimina
1267 2146 1288 2192 a
1318 2118 1505 2199 Svcartzio
1535 2128 1675 2210 missa,
1714 2113 1828 2190 videtur

459 2295 544 2354 non
571 2261 740 2348 differre,
768 2258 970 2358 ipsa-adeo
1000 2257 1160 2344 directio
1186 2255 1376 2331 foliorum
1404 2261 1535 2334 eadem
1564 2279 1640 2348 est3
1668 2255 1730 2332 sed
1752 2249 1779 2324 si
1798 2241 1830 2316 td

457 2409 615 2484 iconem
642 2419 679 2473 et
703 2396 942 2472 mentionem
973 2393 1141 2472 tomenti
1169 2395 1314 2468 caulini
1340 2395 1384 2468 in
1418 2393 1678 2496 descriptione
1699 2382 1833 2466 Mentit-

460 2547 511 2626 sii
533 2539 716 2640 respicio,
743 2538 834 2608 haec
855 2513 995 2607 ¹melius
1024 2529 1204 2630 quadrare
1230 2533 1412 2606 videntur
1438 2559 1527 2606 cum
1550 2561 1590 2634 p.
1619 2522 1733 2632 affini.

562 2651 754 2752 uridelius
790 2692 961 2747 auctores
997 2669 1191 2777 foliorum
1222 2671 1482 2746 membranam
1520 2673 1718 2746 reductam
1751 2677 1836 2758 quam

462 2818 559 2896 dicit
581 2812 791 2912 neglexisse
818 2811 892 2885 ait:
925 2809 992 2884 sed
1019 2805 1194 2880 Menzies
1220 2807 1264 2882 in
1291 2831 1358 2880 sua
1381 2807 1529 2906 phrasi,
1566 2786 1837 2906 quamplurimi

459 2971 694 3036 mutuavere,
721 2947 818 3018 bene
840 2943 977 3018 dehac
1002 2943 1094 3016 nota
1111 2943 1279 3040 scripsitz
1305 2943 1418 3018 foliis
1438 2945 1681 3046 marginibus
1707 2931 1839 3012 inflexit.
1914 3010 1915 3027 ἒ

461 3173 498 3224 a.
525 3162 754 3224 uaesana,
783 3132 1067 3220 subramosum,
1096 3129 1203 3206 foliis
1230 3132 1487 3206 erectiusoulis
1516 3132 1695 3232 margine
1719 3113 1840 3198 inflexis

562 3270 817 3376 integerrimis
843 3287 946 3344 costa
973 3267 1204 3356 subscabris,
1243 3269 1351 3341 theca
1374 3268 1672 3364 appendiculam
1698 3255 1841 3338 cuboide.
1915 3303 1916 3336 ἶ

515 3441 556 3509 Ρ.
588 3435 747 3528 olpestre
768 3426 920 3498 surculo
940 3445 1104 3510 ramoso,
1132 3421 1238 3494 foliis
1264 3421 1458 3496 sessilibus
1478 3423 1675 3496 confertis
1700 3419 1843 3513 linguae·

563 3564 754 3648 formibus
785 3559 1011 3635 acuminatis
1043 3559 1340 3660 integerrimis‚·
1366 3560 1565 3658 sporangii
1600 3551 1784 3660 apophysi
1807 3541 1846 3616 di·

568 3703 727 3787 stincta,
761 3698 940 3796 operculo
967 3721 1159 3794 purpureo
1186 3713 1362 3770 rostrato.
1433 3703 1575 3794 Hoppe
1605 3695 1779 3770 manuale
1799 3685 1849 3756 bo·

566 3865 643 3919 tan.
676 3861 784 3928 ¹8⁰1·
812 3863 848 3933 p.
880 3857 963 3930 ¹98·
1017 3831 1147 3906 Sturm
1172 3831 1255 3908 flor.
1284 3840 1455 3906 German.
1485 3853 1611 3932 crypt.
1641 3833 1732 3906 fasc.
1760 3847 1789 3914 5.

517 4005 558 4078 P.
587 3986 703 4094 affine
728 3989 837 4064 Funis
862 3989 904 4060 in
930 3995 1057 4086 Hopp.
1083 4013 1184 4060 man.
1212 3989 1291 4061 bot.
1321 4010 1429 4077 ¹8⁰2·
1455 4015 1493 4085 p.
1521 4007 1587 4080 43.
1618 4008 1659 4062 er
1685 3989 1728 4060 in
1755 3982 1850 4082 phut·

570 4151 690 4232 crypt.
719 4128 854 4203 exsicc.
881 4125 1027 4198 montis
1054 4126 1214 4224 piniferi
1239 4124 1328 4198 fasc.
1360 4151 1417 4200 12.
1444 4149 1603 4216 m251.

517 4293 559 4364 Ρ.
587 4291 730 4388 gracile
752 4283 951 4358 ulandow.
980 4297 1018 4354 et
1044 4279 1099 4352 ill.
1126 4279 1283 4354 Schultz
1310 4281 1354 4354 in
1379 4279 1455 4356 litte
1504 4285 1511 4298 '

441 4554 445 4562 .
518 4445 742 4518 astrictum
766 4437 950 4516 Schleich.
979 4451 1098 4535 crypt.
1112 4382 1235 4536 hela.
1264 4432 1398 4510 errice.
