3934 5424
419 659 466 748 '52
891 634 1111 736 *Baetramr'e
1138 653 1174 724 5.
1202 635 1405 728 ithyphyllc.

469 829 519 918 B,
539 827 765 937 itlryplrpllo,
796 841 937 910 munco
964 841 1089 900 erecto
1124 849 1298 914 ramoso,
1339 823 1447 900 foliis
1482 825 1703 902 densissime
1733 847 1805 898 con·

525 974 635 1052 fertis
664 998 683 1047 e
711 970 794 1044 basi
818 963 986 1074 concavi
1011 961 1149 1036 latiore
1176 963 1295 1062 longe
1329 961 1542 1060 capillaceis
1568 962 1809 1061 subintegerris

525 1113 621 1198 mis,
663 1106 834 1181 siccitate
872 1098 1117 1186 rectissimis3
1157 1100 1333 1196 capsulae
1368 1115 1511 1172 erectae
1553 1099 1812 1196 subsphaerime

530 1245 712 1345 operculo
739 1237 980 1336 planiusculo
1021 1253 1153 1310 centro
1188 1234 1425 1333 prominulo.
1463 1235 1567 1310 Brid.
1603 1237 1752 1312 muscol
1773 1235 1812 1306 ll.
1904 1285 1905 1302 ,

531 1385 660 1483 p.11t
687 1405 723 1474 p.
753 1397 834 1462 132·
871 1372 961 1446 Tab.
994 1396 1024 1447 r.
1053 1370 1115 1471 fig.
1144 1376 1180 1446 6.
1298 1405 1303 1417 =

479 1565 524 1633 B.
549 1543 792 1652 pomiformis
807 1547 949 1616 swartz
968 1566 1087 1616 muse.
1106 1546 1233 1631 suec,
1258 1542 1411 1617 eitcluso
1424 1542 1590 1619 Dillenii
1604 1563 1814 1640 synonymo.

485 1719 694 1806 Crescitin
729 1713 896 1789 arenosis
926 1732 963 1786 et
994 1713 1255 1809 rupestribus3
1291 1714 1335 1786 in
1364 1711 1572 1813 depressis,
1612 1707 1821 1816 etlgleciali·

534 1864 618 1948 bus,
648 1851 890 1930 subsoliteria
916 1867 982 1923 eut
1009 1855 1114 1924 caule
1140 1850 1283 1924 humili
1309 1852 1546 1942 semunciali,
1576 1855 1621 1927 in
1648 1845 1823 1926 montanis
1907 1937 1908 1944 ἵ

537 2014 577 2073 et
601 1991 740 2090 alpinis
767 1988 958 2082 umbrosis
975 1989 1079 2060 cattle
1105 1986 1332 2084 tripollicari
1360 2006 1399 2062 et
1425 1990 1638 2086 caespitcso
1654 1993 1698 2064 in
1722 1995 1824 2062 Euro·

537 2159 589 2234 pe
622 2127 765 2202 boreali
807 2142 847 2200 et
878 2124 1023 2213 medie,
1065 2123 1177 2198 etin
1213 2121 1407 2218 tyrensis.
1483 2131 1582 2201 Vere
1626 2147 1665 2201 et
1706 2137 1827 2199 aestate

538 2268 750 2345 fructifera.
768 2272 813 2350 ll„
1176 2367 1180 2372 Ι
1266 2269 1273 2276 “
1705 2353 1708 2360 Ι
1739 2283 1743 2297 ·
1909 2272 1910 2364 p

569 2477 699 2549 Redire
724 2486 953 2554 tomentosa,
988 2465 1032 2538 in
1059 2467 1207 2540 caulem
1242 2460 1473 2542 ascendens'¹
1528 2473 1661 2544 Caralis
1695 2459 1834 2538 unciam
1910 2482 1911 2560 l

440 2611 644 2691 dimidiam
670 2595 778 2682 altus'
795 2607 843 2678 ad
867 2603 997 2676 uncias
1025 2609 1186 2700 quatuor
1211 2603 1255 2677 in
1277 2602 1466 2678 montosis
1492 2629 1728 2690 excrescens,
1752 2618 1833 2694 vege

431 2737 629 2836 ramosus,
655 2732 894 2842 fastigiatus,'
916 2739 1135 2829 brunneus,
1170 2739 1213 2812 in
1248 2741 1441 2838 superiore
1477 2761 1584 2839 parte
1621 2727 1748 2828 albet,
1778 2729 1836 2804 ubi

444 2887 633 2964 foliorum
653 2880 733 2954 basi
761 2895 882 2950 tectus
912 2894 979 2950 est
1043 2881 1151 2950 Folio
1187 2901 1233 2950 ex
1270 2871 1439 2976 oblonga
1474 2880 1734 2974 amplectente
1771 2864 1841 2944 besi

444 3019 802 3101 lineari-subulam,
829 3013 1001 3112 margine
1029 3015 1223 3101 involuta,
1259 3017 1398 3099 erecte,
1435 3013 1578 3113 rigida,
1616 3011 1789 3112 margine
1811 3019 1842 3076 et

446 3159 562 3234 dorso
600 3152 919 3236 serrato-scabra,
953 3149 1094 3246 pallide
1134 3149 1283 3237 viridia,
1322 3149 1403 3222 basi
1439 3141 1696 3226 albescentia:
1732 3163 1840 3222 nervo

444 3291 643 3372 concolori
669 3289 717 3362 ad
742 3288 889 3384 epicenr
917 3287 1162 3384 perdurante:
1190 3285 1326 3358 areolis
1352 3285 1503 3358 reticuli
1531 3289 1745 3383 quadratis,
1767 3281 1844 3360 sub·

445 3434 591 3518 tilibus,
617 3423 945 3524 pellucidioribus,
984 3447 1101 3519 qnam
1132 3445 1403 3520 congenerem.
1419 3389 1443 3404 “
1467 3427 1599 3500 Flores
1632 3422 1847 3501 terminales

447 3595 542 3644 mox
567 3565 736 3638 laterales
760 3559 879 3646 liunt,
915 3557 1216 3656 gemmifcrmes.
1292 3559 1402 3632 Folia
1429 3561 1653 3655 perichuetit'
1698 3554 1852 3638 cardinis

448 3703 602 3790 similia,
628 3695 791 3772 dimidio
805 3693 981 3815 'minora
1010 3711 1047 3766 et
1070 3693 1191 3793 magis
1210 3693 1326 3768 etiam
1344 3701 1502 3796 angusta
1526 3716 1565 3771 et
1586 3701 1731 3801 rigida.
1783 3699 1853 3772 Aa·

448 3843 576 3918 tlreroe
610 3831 762 3910 circiter
793 3843 941 3906 seret
982 3827 1146 3904 totidem
1184 3829 1351 3928 pistilla,
1396 3857 1663 3932 congerierum
1707 3834 1853 3910 similia.

450 3975 688 4074 Pereplryses
709 3967 943 4066 copiosiores
971 3981 1010 4038 et
1035 3967 1254 4058 teneriores,
1282 3993 1397 4068 quern
1421 3969 1464 4042 in
1493 3970 1679 4060 caeteris,
1709 3987 1856 4067 excepta

446 4121 491 4188 Β.
516 4105 739 4204 ιηιιὶιίΙΖονα,
768 4101 997 4204 genitalibus
1014 4103 1144 4200 paullo
1173 4104 1346 4194 maiores,
1372 4103 1584 4194 liliforrnes,
1615 4109 1860 4184 lutescentes.

454 4247 653 4348 Voginulc
676 4243 862 4340 oblonga,
893 4237 1119 4342 ferrugines,
1186 4248 1275 4318 oeta
1306 4243 1490 4331 uncialis,
1530 4261 1600 4318 atat
1638 4245 1858 4332 biuncitlis,

448 4400 589 4470 erecta,
621 4377 786 4457 siccitate
811 4399 894 4452 non
920 4351 1083 4468 wreus,
1126 4376 1352 4483 ferrugines
1385 4435 1390 4448 .
1435 4379 1556 4456 Theca
1599 4383 1859 4462 subrotunda.
