3924 5424
585 681 776 760 Bouiania
813 711 846 762 t.
867 691 1131 784 splaclanoiden·
1488 707 1559 782 541

172 887 272 980 Folio
296 872 514 978 periebaetii
538 863 691 973 pro'piin
714 861 893 975 puatnor,
909 863 1295 964 ovato-acuminata,
1324 897 1391 954 aut·
1414 881 1567 952 lanceo-

165 1021 251 1105 lata,
280 1013 442 1088 caulinis
469 1012 585 1108 triplo
608 1013 777 1100 minora,
804 1015 1058 1114 integerrima.
1114 1019 1304 1092 Antlrerae
1329 1016 1373 1090 in
1397 1005 1564 1112 titioque

166 1153 256 1228 flore
282 1151 479 1246 copiosae,
505 1149 710 1247 oblongae,
740 1151 929 1248 turgidae,
960 1151 1209 1228 rufo-luteae.
1265 1157 1411 1228 Pistillo
1432 1137 1566 1224 'fusco-

165 1290 269 1378 rnfa,
305 1287 383 1396 duo
417 1287 479 1356 vel
514 1285 707 1364 nnumin
736 1287 870 1360 eodem
898 1285 990 1360 flore
1019 1289 1171 1372 fertilia.
1239 1273 1475 1391 Paraplryses
1504 1311 1567 1361 co·

164 1427 307 1528 piosae,
335 1419 562 1522 genitalibus
589 1419 657 1492 vix
681 1420 894 1519 longiores,
921 1421 1141 1499 filifo'rmes:
1168 1426 1337 1500 articulis
1364 1425 1568 1500 subrotun·

165 1563 245 1650 dis,
271 1555 455 1657 turgidis,
480 1552 794 1652 luteo-pallidam
845 1561 891 1638 ta.
910 1553 1015 1654 flore
1031 1557 1202 1662 sensium
1224 1563 1420 1668 terminali
1440 1562 1569 1636 tsterili

164 1698 252 1776 vidi
276 1697 425 1794 pistillo
455 1716 596 1780 unum,
622 1691 666 1764 in
690 1692 766 1766 alio
790 1689 909 1764 fertili
934 1694 1083 1784 decem,
1119 1700 1258 1794 absque
1282 1700 1569 1802 puraplrysibus.

169 1833 373 1934 Vaginula
404 1830 589 1927 oblonga,
618 1841 794 1927 angusta,
824 1825 1098 1904 fusco-virens.
1154 1839 1243 1907 Seia
1264 1817 1569 1932 'se‘sq'biuneialis

165 1986 310 2057 erecta,
338 1965 509 2040 siccitate
532 1965 644 2037 valde
667 1961 829 2050 tortilis,
866 1964 1002 2052 laevis,
1035 1965 1128 2040 rufa.
1194 1973 1415 2074 Apopbysis
1450 1969 1571 2062 cylin-

163 2109 399 2194 etiamen
422 2127 505 2176 non
534 2099 715 2198 amplior,
749 2097 898 2188 virens,
932 2126 1059 2176 vacua.
1130 2103 1251 2179 Tireca
1274 2107 1572 2204 subcylindrica,

164 2262 304 2331 erecta,
326 2240 645 2325 luteo-brunnen,
672 2234 802 2309 eiectis
817 2237 1029 2311 seminibus
1044 2239 1184 2335 pallida
1202 2260 1240 2314 et
1253 2248 1453 2340 pellucida.
1505 2249 1576 2318 Co·

162 2383 323 2458 turnella
348 2377 566 2472 cylindrica,
591 2375 791 2460 subvacua,
815 2373 956 2478 virens,
974 2375 1082 2472 apice
1108 2341 1256 2462 obtuso,
1272 2377 1405 2452 ¹fusco.
1460 2381 1577 2453 Serni-

164 2545 225 2592 na
250 2515 422 2612 minuta,
447 2509 562 2584 fusca.
598 2511 827 2584 ‘Peristomii
852 2511 975 2583 devites
1001 2509 1099 2583 infra
1130 2511 1351 2612 marginem
1366 2514 1494 2587 thecae
1518 2514 1579 2586 in·

161 2651 235 2729 tus
257 2647 403 2738 iduati,
433 2649 564 2721 thecae
588 2644 846 2744 longitudine,
870 2666 939 2740 per
963 2646 1067 2742 paria
1095 2615 1282 2744 dispositi,
1311 2650 1484 2739 linear'es,
1512 2675 1578 2724 an·

163 2785 408 2896 gustissimi,
437 2783 629 2858 subtiliter
653 2798 864 2856 transverse
890 2780 1023 2870 striati,
1052 2781 1279 2883 ferruginei:
1306 2789 1462 2862 madore
1490 2811 1580 2862 con·

160 2928 291 3015 torti,
327 2941 365 2996 et
391 2922 518 2994 thecae
547 2917 713 3018 margini
740 2916 925 3014 appressi,
959 2917 1128 2994 siccitate
1153 2921 1286 3010 erecti,
1327 2921 1477 3012 diffusi,
1513 2925 1578 2996 laa-

160 3069 252 3144 litu
287 3058 523 3136 observantis
551 3055 642 3128 tacti
671 3053 816 3154 singuli
842 3052 1031 3154 spiraliter
1054 3055 1120 3128 sed
1146 3057 1231 3130 laxe
1258 3084 1298 3132 se
1325 3078 1581 3158 contorquen-

158 3225 231 3282 tes
261 3216 301 3273 et
320 3219 448 3290 rursus
471 3195 704 3279 evolventes,
735 3189 882 3264 semina
910 3189 1178 3291 dispergentes,
1209 3195 1397 3268 continuo
1424 3193 1580 3268 tremuli
1705 3289 1713 3298 .

120 3307 135 3318 .
160 3363 208 3421 et
240 3333 426 3418 mobiles,
456 3327 577 3404 simili
607 3327 773 3424 quodam
804 3344 914 3400 motu
942 3346 986 3398 ut
1012 3325 1086 3413 fila,
1116 3327 1287 3426 Equiseti
1314 3355 1469 3432 germen
1500 3332 1582 3404 cin.

160 3475 321 3584 gentia.
395 3470 618 3561 operculum
646 3462 1064 3556 cylindrico-conicum
1077 3519 1089 3553 ,
1128 3465 1327 3557 obtusum,
1367 3469 1495 3544 thecae
1522 3493 1581 3545 ae-

158 3613 310 3718 quale,
335 3603 510 3702 paullum
535 3600 761 3685 incurvum,
789 3599 930 3696 pallide
959 3600 1186 3678 brunneum.

284 3750 411 3842 Quam
437 3736 639 3832 proposuit
666 3737 850 3810 smithius
877 3736 920 3808 in
948 3737 1056 3810 Actis
1079 3738 1268 3812 societatis
1285 3739 1526 3846 Linnaesnas
1546 3768 1580 3840 9.

155 3919 205 3994 P,
235 3903 330 3974 272:
361 3871 555 3948 Hookeria
581 3872 624 3944 in
646 3889 852 3967 systemate
877 3873 1133 3972 Hedwigiano
1156 3899 1276 3975 genus
1301 3880 1500 3976 proprium
1527 3903 1584 3955 eg.

156 4053 209 4108 ὃ,
239 4014 404 4114 nequitt
437 4009 603 4082 libenter
627 4008 757 4106 itaque
784 4009 1130 4086 Schleicberianum
1157 4037 1341 4091 conservo
1370 4016 1413 4088 in
1439 4041 1585 4094 memo·

152 4167 275 4241 riam
303 4144 474 4228 auctoris
499 4144 775 4242 pulcherrimae
799 4149 1098 4247 monograpbiae
1125 4154 1454 4251 langermanniae.

219 4432 321 4514 Tab.
343 4425 495 4500 xcvn.
521 4419 586 4519 fig·
611 4406 1022 4516 s.·—-plantae··nsturali·
1036 4421 1312 4522 magaritudine.
1366 4427 1453 4528 Εἰς,
1466 4451 1503 4506 0,
1528 4427 1586 4503 fo.
