3934 5424
430 697 485 770 6⁰
882 679 1096 750 Barlramia
1130 701 1187 752 ια.
1217 676 1402 748 uncinata.

391 963 395 974 ,
448 892 507 962 ιιι.Ι
532 895 768 960 ursmare,
804 871 910 946 cattle
943 867 1167 944 fasciculsto
1201 883 1445 956 tomentoso,
1479 863 1588 944 foliis
1616 863 1816 942 lmceeleto·

547 1012 753 1114 cuspidatis
797 1005 1036 1084 subfulcotist
1078 1003 1193 1082 remis
1238 1001 1445 1098 aminneis,
1484 1007 1594 1085 theca
1639 1003 1818 1080 reticulate.

548 1152 640 1226 Tab.
675 1153 791 1224 LVII.

501 1363 549 1431 In
587 1365 724 1428 monte
758 1345 1016 1448 sulphurifero
1051 1347 1292 1447 Guadalupec
1326 1363 1364 1422 et
1394 1345 1438 1420 in
1474 1345 1681 1421 Martinica
1710 1343 1824 1418 lectam

553 1505 592 1563 et
617 1486 765 1564 curiose
791 1488 1029 1564 observatam
1057 1487 1163 1561 dedit
1188 1483 1363 1561 Richard
1390 1487 1435 1573 ll.

583 1715 713 1788 Radia
738 1729 917 1788 tomento
955 1733 1092 1802 cresso,
1134 1707 1353 1812 ferrugineo
1380 1711 1424 1784 in
1450 1707 1600 1785 caulem
1636 1703 1830 1784 ascendens.

454 1852 587 1928 Caeles
611 1853 781 1926 unciales
797 1853 840 1926 in
867 1852 1050 1950 caespites
1066 1843 1206 1923 densos
1222 1848 1408 1948 congesti,
1432 1867 1454 1922 a
1474 1850 1557 1922 basi
1582 1847 1710 1935 dirisi,
1733 1835 1831 1916 nmis
1907 1833 1908 1865 ¹

452 1987 587 2062 erectis
616 1987 732 2078 dense
754 1986 908 2062 foliosis
937 1987 1045 2084 apice
1074 1985 1255 2059 stellstim
1285 2001 1351 2058 aut
1385 1983 1643 2060 fasciculatim
1673 1974 1832 2056 ramosis?

451 2123 599 2197 steriles
623 2121 901 2219 subsimplices,
929 2093 1146 2208 currifolii3
1173 2123 1334 2196 masculi
1361 2123 1457 2198 item
1486 2107 1836 2220 subsimplicenmi·

451 2285 578 2348 nores,
604 2261 719 2334 rectis
744 2253 904 2347 foliis,
896 2259 1052 2356 utrique
1076 2257 1207 2333 minus
1237 2261 1354 2336 dense
1380 2259 1534 2349 foliosi,
1569 2277 1616 2332 nt
1642 2255 1756 2333 caulis
1787 2271 1837 2322 co·

452 2395 515 2471 lor
542 2374 801 2495 conspiciatur
830 2397 1082 2497 ferrugineus.
1139 2399 1248 2470 Folia
1278 2423 1298 2472 e
1332 2401 1543 2474 lanceolata
1573 2397 1659 2474 basi
1687 2387 1839 2488 cuspida-

429 2545 501 2620 'ta,
529 2551 628 2605 recta
655 2533 699 2607 in
724 2535 905 2631 primario
933 2551 971 2607 et
993 2533 1222 2630 polyphyllo
1252 2539 1368 2624 caule,
1395 2535 1561 2611 secunda
1587 2553 1628 2608 et
1655 2523 1839 2606 falcatam

454 2667 571 2742 ramis
598 2687 635 2742 et
660 2673 782 2746 sterili
809 2673 925 2760 caule,
950 2669 1201 2744 subtilissime
1230 2669 1481 2764 denticulata,
1513 2697 1654 2772 pamm
1682 2685 1841 2746 conare,

457 2827 630 2893 amoene,
656 2811 721 2880 rel
747 2835 766 2880 e
789 2812 894 2884 luteo
921 2805 1106 2882 virentia:
1131 2831 1252 2884 nmo
1276 2833 1419 2896 crasso,
1459 2827 1681 2910 emergente
1713 2823 1752 2878 et
1773 2821 1843 2874 cus·

455 2939 589 3036 pidem
616 2923 1056 3020 denticulato-scabram¹
1082 2942 1284 3034 serenante,
1320 2943 1562 3048 ferruginem
1586 2943 1742 3020 reticuli
1757 2961 1844 3012 areo·

455 3073 506 3150 lis
520 3081 895 3182 parallelogrammis,
919 3079 1101 3182 angustis.
1157 3083 1285 3156 Floras
1308 3083 1466 3160 etraxuli
1489 3081 1714 3157 terminales
1739 3081 1778 3151 in
1801 3073 1847 3146 di·

459 3214 603 3290 stincto
640 3235 679 3291 et
720 3217 865 3293 minori
911 3219 1017 3292 caule
1052 3212 1351 3317 gemmiformes.
1423 3223 1532 3294 Folia
1562 3219 1782 3316 perichoetii
1810 3231 1849 3283 ex

459 3371 576 3464 ovato
602 3373 757 3452 repente
790 3355 995 3454 cuspidata,
1025 3354 1363 3451 erecto-patentia,
1391 3349 1581 3428 caeterum
1618 3355 1849 3431 caulinorum

458 3485 619 3576 similia5
661 3489 845 3567 interiora
891 3491 1043 3567 minora
1084 3509 1122 3566 et
1157 3490 1279 3590 magis
1322 3508 1460 3581 erecta,
1503 3491 1639 3569 omnia
1689 3507 1848 3567 nervosa·

395 3725 400 3732 ι
443 3625 649 3704 ,Aetherea
675 3626 880 3704 duodecim
905 3649 971 3702 auc
995 3633 1134 3728 plures.
1189 3627 1427 3732 Paraplzyses
1449 3627 1666 3728 liliformes,
1696 3621 1852 3705 antheris

458 3763 591 3858 paullo
615 3764 778 3840 maiores
806 3782 845 3837 et
869 3789 1031 3838 numero
1058 3761 1316 3865 subaequalesI
1385 3771 1545 3842 Fenrinei
1576 3750 1706 3864 flores
1736 3756 1856 3838 termi-

458 3899 564 3976 nales
591 3901 636 3975 in
659 3905 769 3977 caule
792 3898 998 3978 reseratio.
1053 3901 1161 3977 Folia
1186 3905 1403 4002 perichoetii
1427 3903 1739 4002 masculinorum
1762 3893 1857 3976 simi·

458 4035 523 4126 lia,
551 4041 682 4136 paullo
715 4041 871 4116 maiora.
943 4043 1091 4114 Pistillo
1123 4061 1382 4142 congerierum
1414 4057 1453 4116 et
1484 4041 1730 4146 paraplryses
1756 4055 1797 4110 ut
1821 4035 1858 4105 in

460 4169 553 4246 flore
580 4178 761 4251 masculo.
789 4175 792 4184 ’
820 4177 1021 4278 Vaginula
1046 4195 1168 4268 ovete,
1197 4177 1423 4279 lanugines.
1486 4187 1576 4255 oeta
1601 4169 1861 4275 sesquiunde-

460 4305 523 4396 lis,
553 4329 617 4384 eut
642 4313 816 4402 uncialis,
842 4330 959 4402 recta,
999 4313 1169 4390 siccitate
1200 4314 1269 4392 vix
1300 4316 1458 4405 tortilis,
1492 4313 1861 4414 luteo-ferruginea·

467 4443 588 4522 linco
622 4449 797 4550 globosa,
854 4451 1085 4554 inaequalis,
1126 4473 1193 4534 ete
1225 4453 1409 4556 angusto,
1443 4453 1603 4540 sulm,
1647 4451 1861 4532 adculstat
