3934 5424
637 681 849 758 Bartmmia
874 704 909 776 fl.
939 685 1122 762 radicalis:
1528 721 1576 792 57

213 889 262 966 Β.
287 881 489 982 longircta,
514 873 761 964 brevicanlisa
789 876 989 956 cauliculis
1003 845 1340 977 simpliciirscnlisr
1366 880 1474 962 feliis
1487 915 1571 968 non

267 1018 324 1092 ita
349 1015 489 1102 densis,
517 1012 716 1102 subnsns,
743 1014 916 1114 margine
943 1015 1145 1115 cariusque
1172 1018 1240 1092 vix
1273 1024 1571 1118 perceptibiliter

265 1143 539 1240 denticulatis,¹
554 1150 725 1229 siccitate
762 1152 916 1236 erectiss
951 1154 1170 1250 pedunculo
1204 1156 1446 1250 subbasilari,
1482 1163 1569 1239 lon·
1724 1275 1734 1282 ι

263 1292 438 1396 gissimo.
465 1288 651 1386 Michaux
678 1287 759 1364 flor.
785 1288 866 1362 bor.
889 1287 1100 1368 American.
1128 1317 1163 1368 a.
1191 1319 1228 1392 p.
1257 1315 1343 1386 301.

202 1433 261 1506 In
291 1428 468 1506 Cerolina
496 1446 533 1501 et
558 1425 741 1528 Virginia.
768 1436 812 1515 η

299 1569 431 1642 Radix
453 1565 665 1664 capillacea,
693 1563 738 1638 in
765 1565 912 1640 caulem
939 1565 1031 1642 raris
1058 1564 1209 1642 iibriilis
1236 1569 1462 1666 ascendens,
1488 1575 1568 1657 fus.

131 1730 200 1784 ca.
289 1708 422 1778 canes
462 1704 506 1778 in
544 1702 785 1780 humillimos
822 1704 1004 1803 caespites
1041 1705 1231 1806 congesti,
1257 1723 1420 1802 quatuor
1443 1714 1565 1798 lineas

129 1843 234 1931 alti,
280 1840 498 1938 simplices,
539 1865 623 1914 raro
661 1841 894 1930 subremosi,
932 1842 1057 1917 erecti.
1128 1845 1238 1915 Folia
1280 1848 1562 1946 remotiuscula,

129 1997 293 2067 erecta,
323 2003 371 2050 ex
396 1995 555 2078 anguste
579 1979 793 2053 lanceolato
819 1979 936 2079 longe
959 1979 1165 2076 cuspidata,
1192 1978 1450 2076 planiusculs,
1477 1993 1565 2066 sub.

126 2118 274 2194 tiliter
306 2133 346 2190 et
367 2113 554 2190 remotius
582 2115 833 2204 denticulata,
869 2139 1030 2190 amoene
1063 2111 1225 2190 viridia:
1262 2141 1398 2200 nervo'
1424 2147 1563 2226 crasse,

127 2256 260 2356 apice
293 2251 500 2340 denudate,
529 2252 701 2356 margine
730 2254 920 2352 dorsoque
945 2252 1199 2342 denticulato,
1227 2253 1465 2356 ferruginem
1509 2293 1565 2344 re.

124 2391 262 2470 ticuli
295 2389 434 2462 areolis
460 2389 734 2488 subquadratis,
761 2391 900 2488 parvis.
963 2395 1111 2468 rnorem
1149 2387 1196 2462 ad
1223 2392 1332 2470 basin
1359 2401 1481 2476 caulis
1502 2427 1566 2482 so.

122 2536 230 2610 lum
257 2525 363 2612 vidi,
388 2525 431 2597 in
452 2527 621 2602 caulium
647 2529 863 2602 multorum
899 2528 1071 2636 apicibus
1108 2527 1216 2600 nulla
1249 2526 1353 2604 floris
1390 2539 1563 2640 vestigia,

122 2671 263 2748 illum
294 2687 391 2738 vero
421 2659 625 2755 effoetum,
653 2690 768 2764 quare
792 2687 890 2740 num
914 2664 1258 2762 hermaphroditus,
1285 2691 1336 2741 en
1368 2681 1561 2755 masculus

125 2806 282 2892 fuerit,
317 2825 403 2874 non
429 2801 521 2874 satis
552 2801 644 2880 scie.
699 2809 808 2882 Folia
834 2804 1051 2901 perichaetii
1079 2802 1244 2879 caulinis
1268 2805 1421 2898 similia,
1443 2813 1564 2891 dimi.

125 2949 203 3026 dio
237 2943 415 3016 minora.
466 2940 658 3016 Antherce
680 2938 830 3016 circiter
853 2964 940 3028 sex,
974 2941 1384 3043 elongato-oblongae.
1447 2956 1564 3029 Para.

122 3089 289 3189 physas
319 3098 483 3151 numero
518 3076 767 3176 genitalium,
803 3075 928 3175 iisque
963 3077 1093 3174 pauno
1127 3079 1312 3169 maiores,
1347 3081 1560 3164 filiformes.

127 3223 263 3300 Folia
288 3213 514 3312 perichaetii
537 3211 735 3305 fructiferi,
759 3213 864 3312 quod
888 3237 985 3286 num
1002 3211 1228 3302 femineum,
1254 3241 1303 3288 an
1320 3219 1564 3317 hermaphro-

121 3363 277 3438 ditum
307 3349 374 3439 sit,
403 3367 521 3424 status
557 3347 663 3427 floris
697 3349 948 3426 determinare
981 3351 1097 3428 etiam
1132 3377 1215 3428 non
1249 3352 1358 3442 sivit,
1401 3359 1563 3437 caulinis

122 3491 308 3578 similia.
371 3492 582 3588 Vaginula·
600 3506 723 3576 ovata,
746 3489 854 3564 theca
879 3486 947 3561 vix
973 3489 1136 3570 dimidio
1166 3488 1327 3577 brevior,
1354 3491 1458 3582 laxa,
1487 3495 1562 3570 fer·

120 3635 327 3736 faginea.
401 3630 490 3700 seta
524 3625 726 3700 binncialis
759 3626 823 3700 vel
850 3623 1087 3709 mundatis.
1125 3643 1264 3713 erecta,
1290 3628 1396 3725 spice
1425 3657 1562 3728 parum

122 3785 331 3854 curvata,
359 3761 527 3838 siccitate
555 3787 638 3838 non
666 3763 819 3850 tortilis,
851 3761 1077 3861 ferruginea.
1141 3764 1262 3841 Theca
1297 3766 1563 3846 subrotundo·

119 3929 272 3994 ovata,
300 3899 532 3998 inaequalis,
547 3902 700 3989 sulcata,
727 3925 747 3973 e
775 3899 994 3998 ferrugineo
1021 3880 1203 3974 brunnen.
1261 3908 1472 3982 Perirtomii
1498 3937 1561 3986 en.

119 4051 233 4128 terni
264 4044 403 4115 dentes
425 4037 641 4126 lanceolati,
680 4037 817 4126 solidi,
853 4017 1087 4122 trabiculati,
1127 4038 1398 4130 conniventes,
1441 4043 1560 4120 ferm.

118 4173 401 4294 gineo-rufi:
442 4179 576 4250 intem·
602 4175 824 4258 membrana
850 4189 1008 4250 extens
1033 4174 1164 4270 paullo
1193 4168 1353 4266 brevior,
1379 4178 1562 4259 sedecim.

120 4327 251 4414 fissa,
304 4311 483 4392 dentibus
519 4311 668 4401 bifidis,
693 4309 868 4386 .lsciniis
914 4311 1316 4402 lineari-lanceolatis,
1362 4315 1562 4399 lutescens

123 4460 323 4544 Fimbria
345 4452 470 4530 nulla·
512 4453 763 4553 ¹Opercstlssm'
780 4473 864 4534 non
892 4449 1056 4536 risum·

1208 4589 1248 4660 H
