3984 5406
413 763 461 840 9⁸
699 733 913 812 .'Grt'mmiu
941 757 975 826 8.
1002 738 1260 836 Penriloamssca.
1289 765 1324 834 9.
1350 740 1498 809 crinitos

415 932 609 1014 teneriora·
625 949 665 1007 ‘et
687 931 769 1027 pilo
795 931 918 1030 l'ongo
943 931 1138 1002 instructa.
1199 928 1417 1034 Vagira‘ula
1435 931 1582 1017 conica,
1606 929 1805 1004 dimidiam
1845 945 1847 952 '

416 1091 561 1168 partem
584 1071 712 1144 thecae
746 1073 947 1156 curatione,
980 1067 1214 1168 ferruginea,
1250 1071 1358 1166 apice
1389 1067 1513 1142 fusca:
1567 1069 1668 1144 Sata
1699 1069 1803 1142 theca

416 1205 619 1310 paululum
646 1209 825 1306 longior,
852 1227 997 1294 tenera,
1024 1209 1168 1306 pallide
1193 1212 1321 1294 lutea;¹
1341 1209 1448 1280 theca
1469 1209 1560 1280 ver'o
1584 1223 1713 1280 tamen
1733 1207 1803 1282 im·

415 1371 558 1420 mersae
581 1322 690 1432 sunt,
731 1345 819 1440 quia
850 1369 869 1417 a
895 1346 1115 1442 perichaetii
1144 1345 1384 1446 longissimis
1412 1345 1525 1420 foliis·
1554 1345 1722 1420 multum
1744 1373 1805 1422 su·

416 1503 609 1582 parantur.
671 1484 808 1557 Theca
831 1483 1296 1582 oblonga,.laeviuscula,
1323 1485 1428 1556 hrteo
1446 1525 1461 1540 ·
1475 1483 1666 1574 brunnea,
1693 1485 1804 1582 palli·

360 1709 368 1732 ἢ
419 1621 478 1694 da.
518 1621 755 1694 Peristomii
782 1622 911 1694 dentes
936 1623 1042 1695 theca
1069 1621 1282 1719 quadruplo
1306 1620 1518 1709 breviores,
1544 1623 1674 1712 erecti,
1700 1625 1805 1722 apice

418 1757 564 1848 reflexi,
590 1741 653 1834 aut
675 1761 845 1836 statim-a
868 1759 950 1832 basi
971 1759 1119 1847 reflexi,
1143 1759 1529 1846 lineari-lanceolati,
1557 1759 1658 1831 acuti
1666 1813 1676 1848 ,
1699 1761 1804 1857 apice

313 1943 330 1976 a
418 1863 555 1984 semel,
589 1901 649 1971 vel
671 1900 730 1974 bis
756 1898 919 1998 pertusi,
948 1923 1061 1993 quare
1083 1897 1177 1970 laesi
1199 1897 1321 1969 videri
1348 1915 1511 1994 possunt
1533 1896 1665 1984 bifidi,
1690 1883 1805 1971 trabi·

419 2035 492 2110 bus
522 2024 738 2142 lateralibus
768 2035 886 2111 solito
920 2033 1192 2107 Grimmiarunr
1219 2059 1326 2106 more
1356 2014 1630 2122 crebrioribus,
1674 2043 1806 2112 versus

420 2172 566 2268 apicem
594 2175 726 2272 paullo
754 2171 961 2246 rarioribus
993 2197 1108 2270 quam
1135 2195 1239 2268 pone
1263 2171 1383 2246 basin.
1440 2174 1695 2276 operculum,
1713 2201 1805 2252 con·

418 2335 518 2386 vexo
535 2353 550 2369 ·
570 2311 751 2385 conicum
773 2331 937 2384 acutum.
1667 2299 1671 2308 '

546 2449 710 2524 Habitus
744 2447 923 2522 caulium‘
941 2445 1064 2520 demta
1093 2445 1199 2520 thecis
1228 2445 1305 2520 fere
1334 2425 1595 2541 rr'i'chostomi‚
1629 2453 1680 2527 ob
1697 2434 1807 2560 {folia

423 2587 667 2672 creberrima,
710 2605 886 2686 angusta,
916 2587 1034 2686 longa
1065 2602 1102 2655 et
1132 2585 1334 2657 suberecta.
1388 2575 1527 2661 Differt
1556 2614 1577 2662 a
1610 2571 1807 2665 Grininriis

422 2723 588 2820 piliferis
611 2727 716 2800 caule
738 2749 919 2822 procero,
944 2723 1034 2819 pilis
1058 2709 1214 2820 longis}
1239 2709 1476 2797 aSudetica
1490 2725 1596 2800 theca
1617 2730 1805 2804 immersa.

425 2869 622 2936 Caeterum
649 2863 831 2938 omnibus
868 2861 1064 2935 Grimmiis
1094 2859 1221 2956 quoad
1256 2885 1389 2935 omnes
1428 2883 1571 2957 partes,
1618 2867 1651 2939 si
1688 2869 1809 2942 caulis

423 3001 711 3101 longitudinem
736 3000 781 3074 ab
803 3024 1038 3101 opocarpa,
1064 2997 1219 3101 gracili
1240 3017 1277 3072 et
1300 2999 1483 3074 rivulari
1506 3023 1717 3100 superatam
1745 3031 1811 3082 ex·

424 3139 561 3238 eipias,
588 3139 713 3213 maior
738 3157 774 3212 et
799 3139 954 3212 obesior
977 3157 1042 3212 est.
1288 3123 1292 3130 ’
1490 3241 1494 3250 ι

476 3277 568 3354 Tab.
596 3283 708 3364 XXV.
747 3277 827 3379 sig.
855 3301 887 3350 1.
941 3279 1094 3351 Plantae
1122 3275 1287 3350 naturali
1315 3279 1591 3388 magnitudine.
1653 3281 1734 3382 Fig.
1767 3309 1804 3359 2.

522 3407 764 3494 ramuscum
793 3415 901 3490 theca
932 3413 1166 3512 operculata,
1207 3411 1270 3513 fig.
1296 3435 1330 3502 3.
1360 3383 1728 3494 folium-cardinum
1761 3447 1810 3496 ex

523 3553 785 3645 inferioribus,
805 3553 921 3656 fig.4.
941 3552 1258 3650 esupeaioribus,
1280 3549 1343 3651 fig.
1365 3573 1399 3640 5.
1426 3553 1657 3648 perichaetii,
1682 3559 1748 3660 lig.
1767 3564 1815 3636 6.·

524 3694 633 3770 theca
665 3719 754 3768 cum
781 3693 963 3794 vaginula
992 3691 1126 3766 omnia
1155 3696 1334 3790 augml.
1408 3690 1488 3790 sig.
1522 3715 1555 3784 7.
1587 3697 1810 3791 peristomii

519 3851 611 3932 pars
636 3857 760 3932 augm.
777 3837 839 3906 1v.
1032 3835 1035 3842 ’

422 3999 457 4070 9
505 3987 699 4056 enarrari,
749 3969 855 4046 cattle
889 3965 1116 4042 brevissimo
1147 3882 1392 4052 subramoso,
1431 3965 1540 4044 foliis
1568 3971 1810 4066 spathulato·

524 4107 751 4186 acuminatis
776 4103 959 4206 piliferist
982 4107 1065 4203 pilo
1091 4104 1325 4192 subserrato,
1350 4103 1487 4182 theca'
1475 4109 1671 4199 immersa,
1696 4135 1809 4209 oper·

529 4244 1090 4322 cinnamomum.

1954 4511 1955 4564 l

474 4395 518 4468 G.
545 4385 717 4472 crinita,
742 4397 881 4460 trunco
903 4393 1026 4460 erecto
1050 4381 1157 4458 brevi
1180 4381 1435 4480 subsimplici,
1462 4379 1569 4458 foliis
1591 4385 1811 4464 imbricatis

526 4521 649 4606 oratis
670 4519 849 4604 concavis
873 4519 1021 4605 abtauit
1044 4521 1149 4660 apice
1168 4543 1285 4613 cano,
1314 4521 1645 4620 periebaetiulibus
1658 4543 1807 4602 ovato·
