3926 5426
529 1546 1240 1724 ,Paeonuiun

825 1821 1008 1844 aun-n·-

185 1989 292 2082 Non
307 1987 426 2089 credo,
441 2007 520 2076 fore
543 2011 602 2096 qui
624 2011 813 2094 mirentur,
836 2011 1050 2106 serius-hano
1068 2003 1302 2095 supplementi
1320 2001 1466 2068 alteram
1485 1999 1613 2076 sectio2

186 2147 281 2194 nem
305 2125 466 2210 prodire,
491 2128 520 2192 si
545 2130 789 2216 cogitaverint,
814 2131 930 2223 qualos
953 2131 1076 2195 turbae
1102 2147 1167 2216 per
1185 2126 1249 2191 hos
1268 2134 1418 2211 quatuor
1433 2143 1541 2188 annos
1565 2117 1613 2186 li-·

185 2253 361 2314 terarum
381 2246 517 2312 cultum
536 2247 780 2336 impediverint
797 2263 832 2316 et
855 2269 959 2336 quam
975 2248 1139 2313 diuturna
1161 2245 1206 2310 sit
1222 2263 1369 2331 operum
1388 2239 1542 2305 iconibus
1555 2237 1615 2324 pii

188 2363 264 2432 ctis
280 2353 567 2448 instruendorum
584 2367 700 2434 editio.
744 2363 901 2448 Accedit,
924 2366 1017 2453 quod
1029 2365 1103 2452 ipse
1120 2359 1214 2428 haud
1224 2361 1389 2446 exiguam
1404 2359 1506 2422 huius
1523 2370 1613 2421 tem·

188 2480 297 2571 poris
315 2493 454 2568 partem
470 2505 490 2546 a
509 2485 621 2570 patria
638 2497 817 2572 separatus
831 2487 893 2552 fui.
938 2485 1038 2550 Haeo
1056 2503 1136 2548 vero
1155 2480 1307 2544 absentia
1329 2478 1520 2544 uberrimos
1536 2487 1613 2542 stu⁴⁴

191 2601 266 2664 diis
282 2597 369 2660 meis
388 2597 523 2664 fruetus
538 2603 697 2688 protulit.
742 2603 838 2670 Dum
855 2603 948 2672 enim
966 2601 1105 2669 Parisiis
1119 2598 1295 2678 ,versabam
1318 2597 1360 2662 ab
1379 2595 1538 2662 omnibus
1556 2594 1613 2659 in‹

191 2715 286 2786 colis
304 2713 378 2779 eius
396 2714 596 2800 splendidae
617 2723 727 2804 urbis,
754 2723 797 2788 ad
820 2745 906 2810 quos
930 2720 1090 2810 perveni,
1102 2717 1162 2783 ¹ita
1180 2738 1258 2782 sum
1275 2725 1459 2804 exceptus,
1483 2725 1612 2781 utnon

191 2833 431 2925 peregrinus,
455 2833 514 2898 sed
536 2859 615 2901 cum
641 2837 709 2904 illis
729 2839 852 2927 longae
872 2829 1128 2906 consuetudinis
1148 2835 1346 2901 dulcissimo
1365 2833 1503 2900 vinculo
1528 2855 1614 2898 con-

190 2959 345 3023 iunctus
367 2951 455 3018 mibi
473 2951 618 3036 viderer,
646 2981 713 3044 qua
741 2959 881 3044 quidem
895 2983 966 3024 non
987 2956 1100 3021 solum
1113 2953 1310 3018 urbanitate
1324 2953 1382 3018 sed
1403 2953 1471 3017 fide
1490 2965 1530 3035 et,
1542 2951 1616 3018 effi-

190 3071 277 3141 caci
297 3070 532 3160 propensione
554 3073 603 3137 ita
625 3095 707 3162 erga
726 3099 782 3142 me
806 3075 1002 3143 omnes'usi
1023 3084 1118 3151 sunt,
1141 3083 1181 3136 ut
1201 3073 1258 3137 cui
1277 3091 1332 3138 me
1353 3093 1437 3160 prae
1456 3071 1530 3136 aliis
1552 3072 1617 3136 ob·
1712 3059 1716 3066 ⁴

191 3191 369 3262 strictum
385 3190 563 3276 profitear,
588 3194 729 3262 omnino
744 3195 905 3274 nesciam,
930 3203 974 3273 et,
997 3194 1025 3257 si
1044 3191 1187 3294 illorum
1202 3191 1356 3256 virorum
1371 3190 1513 3254 nomina
1529 3211 1616 3254 enu-

191 3307 375 3378 meranda
402 3308 486 3389 sint,
525 3333 629 3398 quem
652 3315 767 3400 primo
790 3313 867 3380 loeo
889 3311 1086 3388 nominem,
1125 3330 1267 3395 prorsus
1293 3307 1415 3374 dubius
1441 3307 1615 3376 haeream.

190 3434 325 3514 Quare
343 3425 431 3491 nibil
443 3427 530 3494 mihi
547 3431 731 3517 superfuit,
756 3451 861 3518 quam
877 3441 917 3496 ut
936 3449 1070 3494 summa
1086 3425 1256 3490 industria
1268 3425 1311 3489 ad
1325 3425 1391 3490 hoc
1409 3449 1495 3512 opus
1511 3428 1635 3516 bryo-·

189 3549 364 3636 logicum
379 3543 572 3612 adhibenda
588 3569 789 3630 merorum,
812 3571 900 3638 quae
918 3547 1005 3613 mihi
1020 3565 1100 3610 rara
1111 3543 1319 3610 liberalitate
1332 3543 1383 3608 illi
1400 3545 1618 3633 tradiderint,

187 3687 329 3741 curam
347 3649 528 3745 habuisse,
549 3689 621 3736 non
640 3669 753 3734 solum
771 3666 856 3753 ipsis
872 3663 1075 3754 probarem,
1098 3663 1158 3730 sod
1179 3683 1302 3749 operae
1318 3660 1420 3726 huius
1442 3662 1620 3750 diligentia

189 3787 319 3860 officio
334 3782 428 3869 grati
444 3783 550 3848 aninn
542 3785 682 3875 'aliqua
697 3787 819 3852 saltem
837 3784 971 3850 ratione
993 3781 1196 3847 satisfecisse
1219 3779 1404 3844 studerem.
1451 3783 1518 3848 Sed
1541 3785 1619 3871 pari

188 3925 347 4004 quoque
369 3912 407 3966 et
425 3901 613 3991 antiquiori
635 3905 802 3993 religione
823 3903 967 3969 tenebor
987 3925 1067 3988 erga
1088 3899 1288 3987 plantarum
1310 3909 1536 3998 scrutatores,
1560 3905 1621 3990 qui

186 4024 366 4104 boreales
391 4033 505 4088 terras
527 4023 702 4109 incolunt,
730 4039 765 4096 et
784 4023 970 4091 recentiori
993 4019 1132 4107 quidem
1157 4039 1238 4104 erga
1252 4015 1462 4101 Bridelinm,
1484 4022 1543 4107 qui
1566 4025 1622 4090 vel

186 4149 306 4222 unica
330 4141 529 4232 specimina
553 4144 768 4230 plantarum,
806 4165 827 4210 a
849 4163 885 4208 se
909 4142 1024 4231 primo
1049 4139 1304 4226 descriptarum
1327 4148 1362 4204 et
1384 4135 1620 4229 Hedwigianis

188 4265 375 4365 operibus
391 4259 681 4354 inserendarum,
705 4265 793 4337 mihi
806 4257 989 4334 commisit.
