3984 5406
399 693 446 780 36
896 635 1083 754 Grimmr'a
1118 687 1154 766 4.
1179 683 1297 745 ovata:

400 891 616 958 contracto,
653 867 717 944 cui
744 867 845 972 pilrp
875 865 1195 963 superimpositus
1227 885 1299 949 est,
1324 863 1596 965 integerrima:
1627 830 1809 942 'summo‘

401 1017 490 1092 folii
501 1011 671 1109 margine
685 1029 793 1102 saepe
808 1004 1067 1088 subflexuoso,
1084 1019 1244 1074 saturare
1258 1023 1329 1078 aut
1339 1005 1480 1101 pallide
1494 1004 1642 1077 viridia.
1667 1005 1793 1080 Folia

398 1151 648 1259 perichoetii
667 1145 850 1244 feminei
878 1139 957 1215 latb
975 1143 1233 1224 -lanceolata,
1270 1144 1455 1230 concava,
1485 1161 1629 1230 erecta,
1670 1143 1792 1237 plera·¹

402 1318 475 1392 que
499 1306 656 1384 excepto
682 1309 763 1356 uno
790 1285 955 1356 alterove
976 1297 1053 1354 seta
1077 1276 1271 1352 evidenter
1292 1278 1476 1355 breviora.
1532 1279 1717 1382 Omnium
1735 1305 1792 1354 re·

404 1430 574 1520 ticulum
598 1439 748 1522 constat
778 1421 820 1494 in
847 1418 976 1492 medio
1010 1415 1147 1489 areolis
1179 1415 1623 1520 oblongisdecussatim
1654 1417 1794 1512 positis

405 1561 576 1662 secretis,
616 1557 662 1628 in·
689 1557 769 1630 basi
791 1555 884 1628 folii
914 1555 1120 1656 contiguis.
1170 1553 1339 1628 Pistilla
1367 1557 1642 1658 paraphysibus
1668 1581 1797 1658 caren-

407 1705 498 1792 tia„
530 1693 743 1799 Voginula
782 1692 1084 1818 subcylmdrica,
1134 1691 1264 1766 lurido
1302 1691 1486 1796 rubens„
1515 1694 1621 1794 theca
1662 1695 1793 1788 paullo

407 1839 570 1914 brevior.
626 1833 728 1907 Sera
755 1850 892 1916 erecta,
927 1828 1096 1904 siccitate
1120 1829 1281 1938 tortilis,
1315 1831 1423 1903 theca
1448 1831 1653 1928 quintuplo
1677 1853 1713 1930 et
1735 1855 1801 1926 pe·

405 1975 588 2055 richaetio
605 1969 781 2070 longior,
809 1967 922 2038 itaut
941 1967 1166 2062 plerumque
1192 1967 1412 2070 perichaetii
1437 1993 1633 2072 summum
1654 1967 1800 2070 folium
1823 1932 1834 1949 Ι

405 2117 561 2192 nullum
591 2126 807 2182 autunum
848 2121 999 2176 tantum
1038 2103 1235 2201 sporangii
1269 2102 1380 2176 basin
1420 2104 1591 2202 attingat.
1658 2107 1804 2202 Theca

408 2270 524 2328 ovato
543 2245 764 2341 ·oblonga‚
798 2237 940 2334 pallide
972 2236 1089 2311 fusca.
1143 2214 1653 2330 Peristomium'erectum,
1686 2213 1805 2315 ¹sicci·

408 2409 484 2466 tate
507 2383 710 2466 reflemim‚
738 2375 896 2460 rubens,
923 2374 1029 2446 theca
1052 2373 1259 2470 quintuplo
1284 2375 1454 2466 brevius,
1483 2379 1660 2452 dentibus
1680 2405 1800 2479 angu-

410 2530 497 2616 stis,
524 2519 673 2602 lacunis
699 2512 862 2610 pertruis
886 2509 1061 2604 pluribus
1083 2509 1344 2586 filiformibue.
1372 2513 1581 2589 Fimbriae
1601 2515 1797 2614 quaedam,

412 2689 483 2740 nec
513 2657 603 2732 satis
633 2650 824 2728 evidentia
851 2647 1022 2746 vestigia.
1081 2645 1329 2750 operculum
1361 2676 1381 2724 e
1409 2679 1583 2728 convexo
1609 2655 1805 2748 conicum,

414 2801 522 2897 apice
547 2792 707 2874 obtuso,
741 2809 849 2885 saepe
875 2804 1095 2874 curvatum,
1133 2787 1240 2863 theca
1267 2789 1481 2888 quadruplo
1510 2793 1686 2892 longius,
1718 2794 1825 2872 basi.

413 2937 566 3034 rubens.
625 2925 833 3028 Calyptra
859 2899 1144 3036 ¹campanulata,
1184 2923 1267 3000 basi
1294 2925 1549 3026 irregulariter
1579 2929 1807 3029 quadrifida,

414 3077 528 3153 latere
552 3067 728 3143 secedens
736 3093 748 3150 ;
776 3067 906 3136 colore
933 3089 953 3136 e
974 3063 1103 3137 lurido
1126 3063 1344 3138 straminea.

544 3215 740 3284 Summam
764 3199 982 3274 affinitatem
1004 3199 1138 3272 habere
1167 3201 1308 3274 dicitur
1338 3219 1374 3273 et
1395 3205 1457 3276 vel
1479 3201 1572 3276 adeo
1598 3206 1807 3306 coniungi-

413 3373 478 3430 ηπ
501 3325 593 3424 'cum
615 3345 774 3415 dicrano
807 3337 1115 3430 (trichostomo)
1147 3355 1303 3416 ovato,
1332 3339 1437 3436 quod
1457 3367 1656 3438 nunquam
1679 3343 1806 3420 Grim-

413 3493 513 3568 miae
539 3481 826 3584 peristomium,
873 3490 1073 3572 nunquam
1110 3474 1239 3548 dentes
1272 3475 1441 3576 integros
1479 3478 1600 3552 habet.
1665 3477 1806 3560 Differt

346 3615 350 3624 ’
416 3617 819 3700 dicranur'n'ovotum
849 3611 1031 3685 omnibus
1062 3609 1234 3704 partibus
1265 3607 1492 3702 maioribus,
1522 3617 1805 3696 theoremate

418 3782 553 3846 oveta3
603 3783 668 3830 ore
699 3769 915 3836 contracto,
960 3749 1142 3842 operculo
1181 3771 1200 3817 e
1235 3772 1418 3862 convexo.
1442 3771 1606 3826 rostrato
1638 3755 1802 3837 incurvo

347 3915 356 3926 ·
416 3923 454 3978 et
480 3893 721 3996 peristomi0.
773 3883 913 3962 Diffcrt
937 3885 1120 3960 Grimmia
1144 3885 1341 3960 Sudetica
1369 3907 1405 3962 et
1434 3888 1581 3965 obtusa
1607 3897 1803 3991 parvitate,

418 4041 524 4116 caule
545 4057 629 4108 non
650 4027 846 4126 fastigiato
872 4023 938 4096 sed
966 4024 1128 4118 sparsim
1158 4043 1194 4096 et
1220 4023 1350 4098 minus
1380 4050 1550 4132 ramoso,
1584 4031 1808 4124 periebaetii

414 4169 663 4272 longioribus
694 4163 805 4240 foliis
837 4161 986 4238 thecam
1016 4159 1292 4260 attingentibus
1323 4179 1360 4236 et
1393 4135 1501 4258 saepe
1530 4171 1810 4268 superantibus,

419 4309 603 4408 operculo
626 4321 751 4376 acuto.
806 4307 913 4376 Certe
932 4321 1017 4374 non
1049 4295 1312 4374 distinxissem
1332 4297 1429 4382 hanc
1452 4301 1677 4380 Grimmiam
1702 4337 1809 4390 ova.

350 4507 355 4525 .
417 4469 510 4530 ram
537 4441 616 4522 nisi
644 4439 688 4516 in
717 4437 909 4514 sexcentis
929 4421 1207 4534 speciminibus
1230 4459 1277 4510 ex
1303 4409 1413 4514 omni
1435 4441 1633 4520 Germanis
1653 4449 1808 4532 collatis
