4064 5428
444 630 517 720 146
836 625 1121 708 ttictouomum
1161 617 1429 722 nilotisolium.

466 891 474 898 ,
548 819 609 892 los
634 815 726 890 adeo
750 817 891 916 longos
915 835 952 890 et
976 817 1125 892 caulem
1148 816 1405 892 tam'brevem
1430 843 1543 916 quam
1565 820 1683 921 Angli
1707 821 1827 904 obses

550 973 688 1030 verunt
709 978 769 1026 me
791 956 834 1026 in
856 972 915 1042 tot
938 953 1214 1052 speciminibus
1240 955 1402 1054 acceptis
1425 976 1462 1030 et
1486 983 1506 1032 a
1531 981 1592 1032 me
1617 958 1705 1058 ipso
1724 960 1825 1034 lectis

551 1117 752 1190 nunquam
779 1089 932 1164 vidisse.

443 1321 447 1330 .
497 1235 642 1325 Bryum
660 1231 897 1330 pilastrum,
938 1229 1157 1319 eubacaule,
1197 1197 1361 1330 capsulis
1384 1231 1517 1304 erectis
1544 1189 1742 1331 oblongis,
1775 1230 1829 1355 fo·

552 1367 618 1442 liis
641 1367 892 1443 subconcavis
922 1370 1045 1444 ovatis
1070 1370 1190 1444 acutis
1219 1369 1394 1468 piliferis.
1430 1371 1607 1446 Dickson
1630 1370 1758 1446 fascic.
1780 1367 1828 1468 pl.

456 1553 461 1564 ·
557 1523 675 1600 crypt.
701 1511 762 1580 IV.
790 1530 826 1602 p.
854 1529 911 1580 ιο.
932 1525 960 1580 t.
987 1531 1046 1581 ιο.
1069 1506 1096 1582 f.
1125 1529 1182 1600 14.
1384 1507 1389 1517 “

503 1643 681 1718 swartzia
696 1643 874 1744 pila'fhra
891 1645 1020 1720 Bridel
1036 1647 1079 1718 in
1096 1647 1290 1722 Schraderi
1308 1647 1399 1724 diat.
1415 1643 1496 1720 boc
1519 1653 1672 1736 raoni
1694 1671 1733 1746 p.
1750 1654 1833 1741 239:

457 1827 462 1838 ·
518 1829 523 1838 ·
555 1778 631 1854 fide
654 1784 911 1878 speciminum
935 1783 1138 1858 siccorum.
1409 1865 1414 1876 ,

503 1916 648 1990 Crescit
667 1919 711 1990 in
732 1920 882 2016 alpibus
913 1921 1074 1995 summis
1101 1920 1394 2027 ¹Scantlinaviae,
1435 1921 1667 2009 carinthiae,
1702 1921 1835 1994 Helve-

556 2053 631 2128 tiae
640 2109 659 2154 ,ι
681 2055 728 2128 ad
749 2081 899 2158 aggeres
924 2059 1127 2136 umbrosos
1155 2061 1316 2160 Angliae
1344 2060 1445 2132 etin
1472 2057 1688 2148 interstitiis
1709 2077 1835 2132 muro·

558 2209 597 2265 et
622 2189 779 2290 rupium¹
791 2193 1056 2272 'calcarearum
1078 2199 1249 2298 Tergesti
1281 2196 1510 2283 Cemiolici;
1543 2216 1680 2272 aestate
1707 2192 1838 2271 fructi·

449 2419 453 2427 ⁵
558 2327 693 2404 ferum.
739 2343 774 2422 u

503 2467 777 2546 Peristomium
810 2488 848 2544 et
879 2471 1031 2554 babitus
1062 2470 1404 2544 trichestomorum
1434 2469 1731 2558 brevissimum,
1769 2465 1838 2542 flos
1967 2513 1968 2540 2

558 2593 756 2702 masculus
777 2610 987 2684 terminalis
1014 2609 1171 2682 dicrani.
1224 2608 1422 2690 Interdum
1445 2610 1648 2704 columella
1669 2606 1838 2708 longitu-

345 2735 352 2744 ’
452 2791 456 2808 ·
556 2741 649 2816 dine
681 2741 958 2842 peristomium
975 2747 1086 2820 valde
1115 2769 1294 2842 superans
1317 2745 1486 2840 persistit
1507 2763 1545 2818 et
1570 2745 1735 2818 alienam
1760 2765 1839 2841 spe·

557 2881 657 2958 ciem
681 2881 842 2956 exhibet.
895 2883 1116 2960 Peristomii
1144 2906 1345 2980 compages
1376 2881 1605 2980 spongiosa,
1633 2881 1777 2968 albida,
1804 2896 1839 2952 et

555 3020 727 3094 trabibus
759 3045 842 3094 non
873 3019 1093 3116 conspicuis
1125 3019 1234 3093 valde
1256 3019 1478 3116 singularis,
1506 3018 1572 3092 sed
1594 3018 1723 3115 quoad
1750 3017 1837 3090 den·

556 3157 658 3229 tium
699 3155 908 3230 divisurum
950 3157 1114 3228 omnino
1156 3154 1401 3228 trichestomi
1447 3155 1696 3230 characterem
1732 3154 1836 3256 gerit.

557 3299 700 3370 Dentes
730 3293 885 3392 quidem
912 3293 995 3367 basi
1026 3295 1134 3366 tenui
1165 3291 1381 3364 membrana
1414 3315 1548 3364 omnes
1580 3293 1747 3398 sedecim
1775 3315 1838 3365 cu·

556 3429 730 3520 haerent,
758 3432 824 3504 sed
844 3425 936 3508 sunt
956 3455 1068 3528 supra
1090 3432 1187 3504 hanc
1203 3429 1390 3504 humilem
1406 3409 1731 3530 membranaceam
1748 3454 1837 3504 con·

452 3619 457 3628 ·
554 3589 776 3644 nectentem
795 3568 903 3642 basin
928 3570 1116 3666 bipartiti,
1137 3591 1261 3666 neque
1282 3587 1325 3639 ut
1345 3568 1483 3642 Weber
1505 3586 1541 3640 et
1563 3570 1837 3664 Mohrdicunt

556 3705 849 3800 didymodontis
872 3706 1050 3779 dentibus
1076 3705 1232 3804 triginta
1255 3706 1333 3778 duo
1357 3730 1424 3806 per
1446 3705 1551 3802 paria
1565 3673 1837 3817 approximatis

556 3844 845 3942 comparandae.
885 3850 980 3916 loon
1002 3843 1047 3916 ab
1070 3843 1207 3922 iisdem
1233 3842 1450 3917 auctoribus
1474 3843 1670 3938 proposita
1692 3839 1837 3940 aliquid

556 3983 756 4084 compagis
781 3981 1011 4082 spongiosae
1031 3981 1201 4052 indicare
1227 3978 1400 4052 debuisse
1425 3977 1593 4068 videtur,
1635 3980 1701 4054 sed
1730 3981 1839 4078 paul·

556 4121 641 4218 lum
658 4123 763 4196 rudis
779 4139 815 4218 et
829 4120 1069 4214 incompleta
1081 4137 1146 4204 est,
1162 4143 1234 4191 nec
1249 4117 1422 4190 dentium
1437 4115 1547 4189 basin
1561 4118 1651 4192 satis
1666 4139 1838 4192 accurate

448 4301 453 4314 ·
553 4263 751 4356 proponis
782 4301 826 4316 -
874 4263 978 4331 Inter
999 4257 1215 4354 peristomii
1240 4255 1369 4330 dentes
1390 4253 1586 4336 interdum
1610 4257 1838 4338 columellae

552 4395 783 4499 spongiosae
814 4420 911 4498 apex
929 4415 1008 4473 tam
1040 4397 1114 4474 alte
1142 4396 1357 4497 prominet,
1382 4413 1429 4472 ut
1449 4392 1495 4472 ab
1520 4395 1700 4494 operculo
1730 4393 1837 4492 apice
