3934 5424
912 657 1125 730 Bararamta
1163 657 1197 728 6.
1225 658 1363 728 etrictu

556 859 682 934 Redin
709 847 844 968 artigua
866 845 910 920 in
933 845 1015 919 basi
1042 845 1171 920 caulis.
1222 849 1359 923 -Goulis
1382 845 1538 926 unciam
1562 869 1679 928 unam
1702 851 1818 928 dotare

304 1071 309 1088 ,
449 1003 561 1086 altus,
588 993 752 1078 strictus,
779 987 1036 1070 dichotomus,
1072 984 1120 1057 ad
1146 982 1334 1058 divisuras
1365 1009 1433 1082 per
1464 986 1559 1066 folia
1594 991 1741 1066 domiue
1772 1013 1821 1088 ag.

449 1153 598 1242 gregata
624 1131 851 1202 incrassatus
877 1137 916 1192 et
937 1118 1060 1194 veluti
1084 1122 1269 1209 nodosus,
1296 1122 1412 1197 nmio
1445 1123 1667 1226 fastigiatis,
1699 1125 1771 1200 basi
1791 1139 1823 1196 et

447 1301 516 1378 per
533 1269 752 1347 siccitatem
779 1259 894 1334 ctiam
926 1259 1042 1356 apice,
1070 1260 1285 1334 attenuatis.
1341 1267 1450 1336 Folia
1472 1263 1628 1360 copiosa
1651 1281 1688 1338 et
1701 1263 1823 1356 ubique

447 1387 580 1514 spissa,
608 1431 628 1476 e
652 1381 1029 1473 lineari-lanceolam
1053 1398 1260 1496 cuspidem,
1288 1415 1371 1471 toto
1394 1369 1567 1500 margine
1592 1420 1631 1474 et
1659 1400 1701 1472 in
1724 1393 1824 1494 apicis

450 1553 565 1626 dorso
592 1553 738 1622 serrata,
762 1533 808 1605 ab
830 1531 964 1606 infima
990 1535 1073 1609 basi
1099 1537 1147 1610 ad
1172 1535 1320 1634 apicem
1340 1537 1505 1613 omnino
1528 1537 1671 1628 stricta,
1697 1553 1827 1611 summa

448 1684 618 1763 siccitate
644 1675 892 1761 subincurva,
919 1671 1062 1768 pallide
1096 1674 1254 1749 viridia:
1288 1674 1441 1748 reticuli
1475 1678 1622 1750 areolae
1654 1669 1829 1773 parallelo·

449 1843 649 1926 grammae,
677 1813 850 1890 seriatae:
876 1831 1016 1882 nervus
1045 1835 1187 1886 crassus
1203 1812 1252 1884 ad
1277 1812 1424 1909 apicem
1449 1813 1668 1911 perdurans.
1721 1811 1831 1883 atores

448 1952 753 2066 gemmilormes,
779 1946 1101 2044 hermaphroditi,
1130 1949 1178 2022 ed
1206 1948 1311 2024 bases
1342 1952 1580 2026 ramulorum
1616 1959 1832 2024 constante

446 2097 555 2205 foliis
582 2088 796 2191 pericboetii
820 2084 1052 2172 lanceolatis,
1083 2084 1334 2160 exterioribus
1353 2085 1733 2196 ovato-lanceolatia,
1762 2101 1835 2154 net·

421 2219 501 2312 ¹uo
528 2225 735 2312 instructis,
767 2222 913 2322 rigidis,
939 2221 1057 2317 duplo
1084 2221 1314 2311 minoribus,
1340 2249 1457 2321 quam
1485 2223 1648 2298 cardina.
1710 2216 1836 2296 Antiu-

448 2398 514 2448 roe
542 2345 729 2462 oblongae
760 2377 798 2432 et
825 2360 969 2456 pistillo
991 2357 1175 2452 plurimas
1205 2361 1441 2463 peraphyses
1465 2357 1684 2448 filiformee,
1722 2355 1837 2428 anthe·

448 2509 501 2584 ris
527 2505 656 2604 paullo
683 2498 898 2598 longiores,
933 2490 1101 2567 articulis
1136 2493 1325 2568 brevibus.
1392 2467 1591 2598 Vogiuulo
1629 2489 1838 2590 cylindrict,

447 2643 675 2740 ferruginea.
728 2643 817 2712 Seto
843 2629 1018 2716 uncialis,
1045 2647 1156 2719 recta,
1185 2630 1324 2719 scabra,
1351 2630 1520 2705 siccitate
1545 2631 1702 2718 tortilis,
1734 2625 1841 2702 lerm-

450 2775 718 2884 gineo-rubra.
779 2769 900 2843 Theca
934 2765 1144 2864 sphaerica,
1180 2765 1409 2863 inaequalis,
1444 2769 1605 2856 sulcata,
1645 2789 1713 2842 ore
1743 2757 1840 2838 valde

450 2929 653 2998 contracta,
675 2906 973 2980 rufo-brunnen
1032 2907 1242 2978 Peristomii
1265 2908 1405 2977 externi
1428 2905 1536 2977 nulla
1550 2904 1726 2978 vidimus
1737 2891 1843 2974 reati·

449 3055 531 3158 gia:
560 3047 748 3122 ‘internum
773 3069 793 3116 e
822 3041 1044 3114 membrano
1073 3038 1264 3136 profunde
1292 3037 1552 3126 sedecimilia,
1587 3039 1746 3114 laciniis
1773 3035 1845 3106 lan·
1921 3077 1922 3128 ,

448 3187 613 3273 ceolatis,
638 3177 915 3280 irregularibus,
944 3201 1053 3274 saepe
1077 3177 1181 3272 apice
1199 3173 1377 3250 mediove
1393 3166 1623 3276 coniugatis,
1642 3175 1844 3266 latescente
1921 3161 1922 3194 ¹

447 3301 577 3430 paullo
608 3315 802 3420 rigidioris
828 3313 1071 3401 substantiae,
1102 3285 1217 3412 uuam
1234 3313 1530 3388 Bartramiarum
1557 3339 1646 3392 mos
1663 3333 1732 3390 est.
1759 3313 1847 3386 Fim-

449 3468 532 3542 bria
578 3457 696 3532 nulla.
779 3456 1004 3554 operculum
1053 3472 1291 3541 convexum,
1354 3451 1675 3544 mammillatum,
1729 3451 1849 3524 thecae

451 3598 642 3678 concolor.

499 3874 592 3950 Tab.
617 3871 696 3942 LX.
726 3861 788 3966 fig.
818 3885 852 3937 1.
874 3861 1028 3962 plantae
1053 3855 1219 3933 naturali
1245 3857 1523 3959 magnitudine.
1571 3885 1608 3938 a.
1637 3887 1741 3963 apex
1764 3853 1854 3934 rami

551 4031 677 4107 augin.
708 4029 743 4078 o.
818 4000 897 4099 rig.
944 4019 977 4088 3.
1010 3995 1105 4072 folia
1137 3994 1320 4071 inferiora
1353 3999 1541 4094 (minora)
1582 4017 1622 4075 et
1658 3999 1855 4100 superiora

552 4145 753 4240 augm.1.·
814 4136 894 4236 Fig.
924 4151 961 4228 4.
995 4157 1093 4234 apex
1126 4131 1216 4210 folii
1250 4155 1374 4236 augm.
1408 4139 1471 4211 tv.
1552 4138 1631 4238 lig.
1673 4161 1710 4228 5.
1754 4139 1857 4210 theca

551 4301 677 4375 augm.
700 4299 736 4348 o.
787 4273 867 4374 Fig.
895 4276 930 4346 6.
954 4271 1171 4369 peristomii
1191 4295 1279 4370 para
1302 4288 1343 4347 et
1368 4293 1403 4365 7.
1430 4273 1643 4364 antheraet
1664 4275 1858 4376 prutilium

555 4437 645 4488 cum
669 4407 943 4510 paraphysibus
970 4431 1098 4510 augur.
1123 4413 1188 4490 IV·
