3948 5436
473 712 548 780 25⁰
927 681 1101 780 Ialypttu'm
1132 703 1190 774 53.
1219 689 1424 784 oxyeladm.

476 902 536 974 58·
566 897 831 958 miremort·
874 895 1031 970 repense
1066 877 1181 949 ramis
1218 878 1459 979 simplicibus
1496 887 1706 986 cuspidatis,
1745 881 1820 960 foliis

577 1011 719 1092 strictis
745 1011 983 1086 lanceolata·¹
994 1012 1220 1097 acuminatis
1247 1020 1536 1117 ruptinervibus
1562 1025 1727 1102 histriam
1748 1025 1822 1097 albo.

576 1149 775 1230 viridibus.

523 1329 712 1422 Hypnum
740 1323 957 1424 oxycladon
985 1323 1089 1396 caule
1113 1329 1391 1420 procumbente
1415 1355 1511 1432 vage
1532 1335 1772 1432 pinnatimque
1789 1356 1826 1403 ra·
1910 1323 1911 1348 ³

578 1482 700 1547 moso,
725 1459 840 1532 ramis
865 1459 1250 1550 tereti-acutissimis,
1277 1463 1385 1553 foliis
1415 1467 1531 1546 dense
1553 1473 1746 1548 imbricatis
1766 1493 1831 1544 ova·
1906 1495 1908 1556 j

579 1594 872 1672 toslanoeolatis
908 1595 1133 1670 acuminatis
1176 1601 1435 1710 ductulorum·
1456 1607 1638 1684 fasciculo
1670 1610 1730 1683 sub
1757 1603 1832 1702 apice
1902 1625 1909 1711 ἶ

574 1737 756 1810 serrulato
787 1734 969 1825 evanido,
1015 1735 1166 1832 capsula
1197 1744 1345 1817 arcuati
1373 1747 1519 1820 cernua,
1588 1748 1685 1823 Brid,
1712 1741 1830 1820 muscol.
1906 1725 1911 1788 5³

580 1873 704 1968 suppl.
732 1895 766 1945 a.
792 1895 830 1970 p.
865 1895 947 1961 123.
1908 1861 1911 1906 i

523 2047 570 2116 In
596 2041 860 2146 Iffensilvaniae
884 2044 1043 2144 rupibus
1065 2044 1161 2146 legit
1188 2049 1453 2156 Miiblenberg.
1489 2069 1533 2148 ll.
1638 2137 1646 2154 ,

577 2235 708 2307 Radia
731 2257 799 2328 per
827 2235 974 2307 caulem
992 2259 1144 2341 sparsa,
1173 2255 1401 2316 tomentosa.
1461 2253 1595 2322 'Cauiis
1621 2266 1763 2346 repens,
1785 2233 1838 2308 lau·

474 2367 586 2444 ctifec
617 2351 911 2467 sesquiuncialis
941 2373 1058 2447 ramis
1086 2361 1336 2476 subramosisj
1359 2377 1511 2458 'sterilis
1538 2381 1739 2458 biuncialis
1759 2367 1842 2448 ramis
1908 2425 1911 2508 l

473 2503 711 2602 simplicibus
747 2505 876 2580 erectis
905 2507 1089 2597 curvatis,
1131 2513 1314 2586 omnibus
1341 2516 1510 2592 siccitate
1535 2549 1605 2619 per
1631 2521 1722 2596 folia
1745 2505 1842 2588 conni-
1904 2510 1911 2571 '5

470 2643 602 2718 ventia
628 2643 830 2732 teretibus,
859 2643 1077 2740 cuspidatis.
1135 2653 1246 2722 Folia
1272 2675 1418 2749 sparsa,
1450 2657 1586 2750 densa,
1615 2658 1775 2735 siccitate
1794 2649 1843 2720 im·

470 2778 624 2866 bricata,
652 2763 807 2854 madore
835 2778 975 2868 stricta,
1006 2805 1026 2852 e
1052 2782 1376 2865 lato-lanceolato
1404 2796 1633 2886 acuminata,
1662 2796 1760 2894 apice
1783 2787 1846 2860 den·

472 2915 628 2988 tioulata
651 2919 714 2988 vel
745 2916 1079 3040 subintegerrima,
1127 2923 1218 2997 stria
1252 2925 1300 2998 ad
1326 2945 1532 3032 utrumque
1559 2936 1768 3036 marginem
1789 2948 1848 3001 stt·

473 3077 536 3126 sus
552 3077 710 3126 acumen
727 3071 983 3166 evanescente,
1012 3056 1289 3136 albo-viridia:
1315 3088 1435 3140 nervo
1465 3069 1512 3142 ad
1527 3097 1692 3146 acumen
1707 3069 1848 3145 oblitera-
1908 3163 1909 3168 Ἰ

476 3207 541 3278 to,
573 3188 711 3307 debili,
737 3188 952 3264 concolorit
980 3192 1116 3264 areolis
1142 3193 1295 3267 reticuli
1320 3201 1505 3302 elongatis
1526 3207 1570 3280 in
1598 3209 1682 3283 basi
1697 3207 1777 3281 folii
1793 3203 1849 3274 brc-
1908 3177 1909 3180 Ἴ

411 3337 415 3346 “
471 3326 657 3400 vioribus.
715 3328 842 3398 Floret
858 3323 1038 3401 monoeoi
1054 3330 1118 3402 vel
1134 3329 1269 3420 dioeci,
1298 3333 1341 3408 in
1359 3341 1464 3412 caule
1491 3361 1529 3416 et
1552 3348 1694 3422 ramis:
1722 3335 1851 3421 masculi

473 3463 652 3562 oblongi,
680 3463 917 3534 lutescentes.
973 3469 1083 3538 Folia
1109 3467 1324 3560 pericltaetii
1351 3473 1555 3554 duodecim
1585 3445 1703 3556 ovato
1716 3475 1849 3555 -acuni

471 3619 572 3691 nata,
599 3597 782 3672 interiora
805 3597 993 3696 longiora,
1021 3600 1184 3689 enervia,
1210 3603 1466 3708 integerrima.
1518 3620 1717 3698 Auchetae
1738 3621 1849 3696 decem,

401 3799 409 3816 .
472 3753 627 3825 ovatae,
659 3733 852 3835 turgidae,
880 3734 1036 3808 luridae.
1099 3711 1337 3844 Parapbyses
1363 3747 1583 3842 difformes,
1620 3757 1784 3831 antlreris
1807 3751 1855 3822 du·

468 3874 535 3972 plo
563 3871 643 3946 fere
668 3870 875 3970 longiores.
933 3873 1054 3944 Florr‘s
1071 3867 1231 3975 faninei
1257 3877 1352 3956 folia
1380 3885 1759 3983 ovato-lanceolata,
1782 3889 1855 3961 inte

469 4011 568 4084 riora
600 4005 1076 4095 lanceolam-acuminata,
1119 4033 1240 4088 nervo
1276 4017 1444 4096 breviori
1478 4052 1596 4124 quam
1632 4033 1678 4106 in
1714 4022 1856 4114 esulipis.

471 4145 658 4220 Genitalis
686 4161 724 4218 et
749 4141 985 4244 paropbyses
1010 4146 1208 4240 pauciores
1232 4177 1346 4248 quam
1372 4155 1417 4232 in
1440 4171 1625 4243 masculo,
1688 4165 1860 4268 Vagimlu

472 4281 660 4380 oblonga,
689 4278 960 4365 viridi-fusca,
989 4297 1067 4354 seta
1093 4283 1164 4356 vix
1189 4265 1352 4366 uncialis
1380 4317 1521 4391 erecta,
1557 4331 1703 4404 pamm
1730 4297 1860 4378 tortilis,

476 4415 594 4492 fusca.
663 4419 785 4494 Theca
800 4411 998 4522 oblonga,
1030 4417 1240 4522 inaequalis
1261 4449 1345 4503 non
1371 4437 1533 4516 omnino
1561 4445 1612 4518 ad
1640 4444 1863 4521 horizontem
