<?xml version="1.0" encoding="UTF-8"?>
<!DOCTYPE html PUBLIC "-//W3C//DTD XHTML 1.0 Transitional//EN"
    "http://www.w3.org/TR/xhtml1/DTD/xhtml1-transitional.dtd">
<html xmlns="http://www.w3.org/1999/xhtml" xml:lang="en" lang="en">
 <head>
  <title>
</title>
<meta http-equiv="Content-Type" content="text/html;charset=utf-8" />
  <meta name='ocr-system' content='tesseract 3.04.00' />
  <meta name='ocr-capabilities' content='ocr_page ocr_carea ocr_par ocr_line ocrx_word'/>
</head>
<body>
  <div class='ocr_page' id='page_1' title='image "./joannishedwigsp01schwgoog/joannishedwigsp01schwgoog_0113.png"; bbox 0 0 3984 5406; ppageno 0'>
   <div class='ocr_carea' id='block_1_1' title="bbox 651 725 1707 864">
    <p class='ocr_par' dir='ltr' id='par_1_1' title="bbox 569 725 1707 864">
     <span class='ocr_line' id='line_1_1' title="bbox 651 725 1707 864; baseline -0.007 -36.576"><span class='ocrx_word' id='word_1_1' title='bbox 651 745 672 810; x_wconf 51' lang='lat' dir='ltr'>s</span> <span class='ocrx_word' id='word_1_2' title='bbox 710 748 1144 864; x_wconf 25' lang='lat' dir='ltr'>Grimmuia&#39;plcrinita&#39;</span> <span class='ocrx_word' id='word_1_3' title='bbox 1277 749 1298 806; x_wconf 80' lang='grc'>’-</span> <span class='ocrx_word' id='word_1_4' title='bbox 1575 771 1628 848; x_wconf 67' lang='lat'>93</span> <span class='ocrx_word' id='word_1_5' title='bbox 1671 725 1707 830; x_wconf 64' lang='grc' dir='ltr'> </span> 
     </span>
    </p>
   </div>
   <div class='ocr_carea' id='block_1_2' title="bbox 210 930 1647 1468">
    <p class='ocr_par' dir='ltr' id='par_1_2' title="bbox 326 930 1647 1042">
     <span class='ocr_line' id='line_1_2' title="bbox 326 930 1647 1042; baseline -0.002 -24"><span class='ocrx_word' id='word_1_6' title='bbox 326 937 554 1018; x_wconf 74' lang='lat' dir='ltr'>lanceolatis</span> <span class='ocrx_word' id='word_1_7' title='bbox 582 944 810 1042; x_wconf 81' lang='lat' dir='ltr'><strong>longissime</strong></span> <span class='ocrx_word' id='word_1_8' title='bbox 838 939 1020 1042; x_wconf 87' lang='lat' dir='ltr'>piliferis,</span> <span class='ocrx_word' id='word_1_9' title='bbox 1066 930 1647 1041; x_wconf 72' lang='lat' dir='ltr'>capsulae‘evatae&#39;profunde&#39;</span> 
     </span>
    </p>

    <p class='ocr_par' dir='ltr' id='par_1_3' title="bbox 210 1065 1614 1468">
     <span class='ocr_line' id='line_1_3' title="bbox 327 1065 1614 1178; baseline -0.001 -23"><span class='ocrx_word' id='word_1_10' title='bbox 327 1082 479 1156; x_wconf 83' lang='lat' dir='ltr'>striatae</span> <span class='ocrx_word' id='word_1_11' title='bbox 494 1085 713 1178; x_wconf 83' lang='lat' dir='ltr'>pedunculo</span> <span class='ocrx_word' id='word_1_12' title='bbox 729 1083 894 1154; x_wconf 89' lang='lat' dir='ltr'>minimo</span> <span class='ocrx_word' id='word_1_13' title='bbox 909 1084 1052 1158; x_wconf 87' lang='lat' dir='ltr'>laterali</span> <span class='ocrx_word' id='word_1_14' title='bbox 1073 1085 1254 1170; x_wconf 86' lang='lat' dir='ltr'>curvulo,</span> <span class='ocrx_word' id='word_1_15' title='bbox 1280 1065 1460 1178; x_wconf 88' lang='lat' dir='ltr'>operculo</span> <span class='ocrx_word' id='word_1_16' title='bbox 1478 1078 1614 1154; x_wconf 85' lang='lat' dir='ltr'>obtuse</span> 
     </span>
     <span class='ocr_line' id='line_1_4' title="bbox 210 1217 1614 1322; baseline 0.001 -28"><span class='ocrx_word' id='word_1_17' title='bbox 210 1257 238 1282; x_wconf 86' lang='lat'>·-</span> <span class='ocrx_word' id='word_1_18' title='bbox 324 1224 549 1294; x_wconf 79' lang='lat' dir='ltr'>acuminato</span> <span class='ocrx_word' id='word_1_19' title='bbox 581 1221 698 1294; x_wconf 85' lang='lat' dir='ltr'>brevi.</span> <span class='ocrx_word' id='word_1_20' title='bbox 752 1219 853 1294; x_wconf 87' lang='lat' dir='ltr'>Brid.</span> <span class='ocrx_word' id='word_1_21' title='bbox 889 1224 1017 1318; x_wconf 81' lang='lat' dir='ltr'>suppl.</span> <span class='ocrx_word' id='word_1_22' title='bbox 1043 1217 1257 1322; x_wconf 83' lang='lat' dir='ltr'>muscolog.</span> <span class='ocrx_word' id='word_1_23' title='bbox 1284 1245 1322 1318; x_wconf 84' lang='lat' dir='ltr'>p.</span> <span class='ocrx_word' id='word_1_24' title='bbox 1350 1241 1411 1319; x_wconf 85' lang='lat'>95.</span> <span class='ocrx_word' id='word_1_25' title='bbox 1439 1217 1548 1296; x_wconf 83' lang='lat' dir='ltr'>Web.</span> <span class='ocrx_word' id='word_1_26' title='bbox 1575 1235 1614 1295; x_wconf 80' lang='lat' dir='ltr'>et</span> 
     </span>
     <span class='ocr_line' id='line_1_5' title="bbox 215 1359 1017 1468; baseline 0 -36"><span class='ocrx_word' id='word_1_27' title='bbox 215 1381 218 1388; x_wconf 90' lang='lat'>·</span> <span class='ocrx_word' id='word_1_28' title='bbox 330 1359 460 1439; x_wconf 83' lang='lat' dir='ltr'>Mohr.</span> <span class='ocrx_word' id='word_1_29' title='bbox 493 1369 643 1458; x_wconf 83' lang='lat' dir='ltr'>Crytog.</span> <span class='ocrx_word' id='word_1_30' title='bbox 671 1367 843 1434; x_wconf 80' lang='lat' dir='ltr'><strong>German.</strong></span> <span class='ocrx_word' id='word_1_31' title='bbox 867 1383 908 1468; x_wconf 34' lang='lat' dir='ltr'>p..</span> <span class='ocrx_word' id='word_1_32' title='bbox 929 1365 1017 1451; x_wconf 71' lang='lat'><strong>456.</strong></span> 
     </span>
    </p>
   </div>
   <div class='ocr_carea' id='block_1_3' title="bbox 275 1531 1303 1626">
    <p class='ocr_par' dir='ltr' id='par_1_4' title="bbox 275 1531 1303 1626">
     <span class='ocr_line' id='line_1_6' title="bbox 275 1531 1303 1626; baseline -0.004 -18"><span class='ocrx_word' id='word_1_33' title='bbox 275 1537 322 1608; x_wconf 83' lang='lat' dir='ltr'>G.</span> <span class='ocrx_word' id='word_1_34' title='bbox 350 1547 589 1616; x_wconf 72' lang='lat' dir='ltr'><em>canescens,</em></span> <span class='ocrx_word' id='word_1_35' title='bbox 618 1531 830 1612; x_wconf 86' lang='lat' dir='ltr'>Schleicher</span> <span class='ocrx_word' id='word_1_36' title='bbox 852 1533 972 1626; x_wconf 82' lang='lat' dir='ltr'>plant.</span> <span class='ocrx_word' id='word_1_37' title='bbox 995 1534 1106 1606; x_wconf 87' lang='lat' dir='ltr'>Helv.</span> <span class='ocrx_word' id='word_1_38' title='bbox 1131 1531 1303 1606; x_wconf 82' lang='lat' dir='ltr'><strong>exsiccat.</strong></span> 
     </span>
    </p>
   </div>
   <div class='ocr_carea' id='block_1_4' title="bbox 221 1699 1658 2624">
    <p class='ocr_par' dir='ltr' id='par_1_5' title="bbox 221 1699 1610 1816">
     <span class='ocr_line' id='line_1_7' title="bbox 221 1699 1610 1816; baseline -0.001 -37"><span class='ocrx_word' id='word_1_39' title='bbox 221 1807 231 1816; x_wconf 90' lang='lat'><em>.</em></span> <span class='ocrx_word' id='word_1_40' title='bbox 273 1708 421 1779; x_wconf 82' lang='lat' dir='ltr'>Crescit</span> <span class='ocrx_word' id='word_1_41' title='bbox 444 1707 487 1779; x_wconf 92' lang='lat' dir='ltr'>in</span> <span class='ocrx_word' id='word_1_42' title='bbox 507 1706 667 1804; x_wconf 84' lang='lat' dir='ltr'>rupibus</span> <span class='ocrx_word' id='word_1_43' title='bbox 690 1703 877 1793; x_wconf 85' lang='lat' dir='ltr'>calcareis,</span> <span class='ocrx_word' id='word_1_44' title='bbox 899 1703 1020 1778; x_wconf 91' lang='lat' dir='ltr'>muris</span> <span class='ocrx_word' id='word_1_45' title='bbox 1036 1723 1072 1778; x_wconf 92' lang='lat' dir='ltr'>et</span> <span class='ocrx_word' id='word_1_46' title='bbox 1094 1703 1141 1777; x_wconf 85' lang='lat' dir='ltr'>ad</span> <span class='ocrx_word' id='word_1_47' title='bbox 1161 1723 1298 1779; x_wconf 82' lang='lat' dir='ltr'>terram</span> <span class='ocrx_word' id='word_1_48' title='bbox 1312 1711 1486 1802; x_wconf 80' lang='lat' dir='ltr'>Europae</span> <span class='ocrx_word' id='word_1_49' title='bbox 1507 1699 1610 1778; x_wconf 87' lang='lat' dir='ltr'>occi-</span> 
     </span>
    </p>

    <p class='ocr_par' dir='ltr' id='par_1_6' title="bbox 234 1819 1658 1940">
     <span class='ocr_line' id='line_1_8' title="bbox 234 1819 1658 1940; baseline -0.005 -23"><span class='ocrx_word' id='word_1_50' title='bbox 234 1829 245 1836; x_wconf 36' lang='lat'><em>·</em></span> <span class='ocrx_word' id='word_1_51' title='bbox 330 1843 494 1929; x_wconf 80' lang='lat' dir='ltr'>dentalis</span> <span class='ocrx_word' id='word_1_52' title='bbox 517 1843 710 1940; x_wconf 88' lang='lat' dir='ltr'>frequens,</span> <span class='ocrx_word' id='word_1_53' title='bbox 736 1871 771 1917; x_wconf 90' lang='lat' dir='ltr'>v.</span> <span class='ocrx_word' id='word_1_54' title='bbox 791 1869 820 1914; x_wconf 91' lang='lat' dir='ltr'>c.</span> <span class='ocrx_word' id='word_1_55' title='bbox 836 1844 877 1914; x_wconf 91' lang='lat' dir='ltr'>in</span> <span class='ocrx_word' id='word_1_56' title='bbox 896 1823 1016 1916; x_wconf 85' lang='lat' dir='ltr'>Gallia</span> <span class='ocrx_word' id='word_1_57' title='bbox 1040 1819 1216 1936; x_wconf 79' lang='lat' dir='ltr'>(Parisiis</span> <span class='ocrx_word' id='word_1_58' title='bbox 1231 1846 1446 1936; x_wconf 90' lang='lat' dir='ltr'>Persoon),</span> <span class='ocrx_word' id='word_1_59' title='bbox 1472 1843 1609 1930; x_wconf 82' lang='lat' dir='ltr'>Helve-</span> <span class='ocrx_word' id='word_1_60' title='bbox 1653 1855 1658 1862; x_wconf 88' lang='grc'><strong>“</strong></span> 
     </span>
    </p>

    <p class='ocr_par' dir='ltr' id='par_1_7' title="bbox 218 1951 1615 2222">
     <span class='ocr_line' id='line_1_9' title="bbox 331 1963 1615 2088; baseline -0.007 -32.809"><span class='ocrx_word' id='word_1_61' title='bbox 331 1982 406 2066; x_wconf 86' lang='lat' dir='ltr'>tia,</span> <span class='ocrx_word' id='word_1_62' title='bbox 429 2000 466 2054; x_wconf 86' lang='lat' dir='ltr'>et</span> <span class='ocrx_word' id='word_1_63' title='bbox 482 1965 723 2078; x_wconf 87' lang='lat' dir='ltr'>Herbipolae,</span> <span class='ocrx_word' id='word_1_64' title='bbox 749 1988 808 2054; x_wconf 90' lang='lat' dir='ltr'>De</span> <span class='ocrx_word' id='word_1_65' title='bbox 823 1983 860 2053; x_wconf 85' lang='lat' dir='ltr'>la</span> <span class='ocrx_word' id='word_1_66' title='bbox 874 1982 1014 2088; x_wconf 81' lang='lat' dir='ltr'>Vigne,</span> <span class='ocrx_word' id='word_1_67' title='bbox 1035 1963 1170 2053; x_wconf 79' lang='lat' dir='ltr'>Botan.</span> <span class='ocrx_word' id='word_1_68' title='bbox 1188 1975 1289 2054; x_wconf 84' lang='lat' dir='ltr'>Prof.</span> <span class='ocrx_word' id='word_1_69' title='bbox 1308 1973 1615 2062; x_wconf 75' lang='lat' dir='ltr'>Chetrltowensis,⁴</span> 
     </span>
     <span class='ocr_line' id='line_1_10' title="bbox 331 2115 1611 2222; baseline -0.005 -30"><span class='ocrx_word' id='word_1_70' title='bbox 331 2120 402 2218; x_wconf 88' lang='lat' dir='ltr'>qui</span> <span class='ocrx_word' id='word_1_71' title='bbox 426 2144 508 2191; x_wconf 87' lang='lat' dir='ltr'>eam</span> <span class='ocrx_word' id='word_1_72' title='bbox 527 2144 629 2192; x_wconf 87' lang='lat' dir='ltr'>anno</span> <span class='ocrx_word' id='word_1_73' title='bbox 656 2141 766 2208; x_wconf 74' lang='lat'>1302.</span> <span class='ocrx_word' id='word_1_74' title='bbox 789 2119 887 2191; x_wconf 92' lang='lat' dir='ltr'>mihi</span> <span class='ocrx_word' id='word_1_75' title='bbox 911 2119 1081 2206; x_wconf 84' lang='lat' dir='ltr'><strong>miserat,</strong></span> <span class='ocrx_word' id='word_1_76' title='bbox 1115 2120 1158 2192; x_wconf 90' lang='lat' dir='ltr'>in</span> <span class='ocrx_word' id='word_1_77' title='bbox 1180 2143 1280 2222; x_wconf 83' lang='lat' dir='ltr'>pago</span> <span class='ocrx_word' id='word_1_78' title='bbox 1301 2117 1497 2204; x_wconf 88' lang='lat' dir='ltr'>Valdensi,</span> <span class='ocrx_word' id='word_1_79' title='bbox 1525 2115 1611 2189; x_wconf 86' lang='lat' dir='ltr'>Gal-</span> 
     </span>
    </p>

    <p class='ocr_par' dir='ltr' id='par_1_8' title="bbox 227 2233 1609 2354">
     <span class='ocr_line' id='line_1_11' title="bbox 227 2233 1609 2354; baseline -0.007 -23"><span class='ocrx_word' id='word_1_80' title='bbox 227 2233 253 2256; x_wconf 86' lang='lat'>-.</span> <span class='ocrx_word' id='word_1_81' title='bbox 328 2257 592 2354; x_wconf 87' lang='lat' dir='ltr'>loprovincia,</span> <span class='ocrx_word' id='word_1_82' title='bbox 642 2256 836 2331; x_wconf 81' lang='lat' dir='ltr'>Massiliae</span> <span class='ocrx_word' id='word_1_83' title='bbox 875 2275 912 2328; x_wconf 91' lang='lat' dir='ltr'>et</span> <span class='ocrx_word' id='word_1_84' title='bbox 948 2257 991 2326; x_wconf 93' lang='lat' dir='ltr'>in</span> <span class='ocrx_word' id='word_1_85' title='bbox 1024 2255 1219 2330; x_wconf 87' lang='lat' dir='ltr'>Oceitania</span> <span class='ocrx_word' id='word_1_86' title='bbox 1251 2275 1287 2329; x_wconf 90' lang='lat' dir='ltr'>et</span> <span class='ocrx_word' id='word_1_87' title='bbox 1318 2237 1515 2328; x_wconf 80' lang='lat' dir='ltr'>Catalonia</span> <span class='ocrx_word' id='word_1_88' title='bbox 1549 2252 1609 2323; x_wconf 90' lang='lat' dir='ltr'>in·</span> 
     </span>
    </p>

    <p class='ocr_par' dir='ltr' id='par_1_9' title="bbox 233 2391 1609 2624">
     <span class='ocr_line' id='line_1_12' title="bbox 233 2391 1609 2497; baseline -0.004 -31"><span class='ocrx_word' id='word_1_89' title='bbox 233 2485 242 2497; x_wconf 86' lang='lat'>.</span> <span class='ocrx_word' id='word_1_90' title='bbox 313 2413 442 2468; x_wconf 60' lang='lat' dir='ltr'>venta</span> <span class='ocrx_word' id='word_1_91' title='bbox 472 2413 528 2470; x_wconf 88' lang='lat' dir='ltr'>est</span> <span class='ocrx_word' id='word_1_92' title='bbox 556 2415 708 2470; x_wconf 89' lang='lat' dir='ltr'>auctore</span> <span class='ocrx_word' id='word_1_93' title='bbox 742 2395 924 2472; x_wconf 85' lang='lat' dir='ltr'>Bridelio.</span> <span class='ocrx_word' id='word_1_94' title='bbox 985 2396 1122 2492; x_wconf 77' lang='lat' dir='ltr'>Hieme</span> <span class='ocrx_word' id='word_1_95' title='bbox 1150 2415 1186 2470; x_wconf 93' lang='lat' dir='ltr'>et</span> <span class='ocrx_word' id='word_1_96' title='bbox 1215 2413 1399 2468; x_wconf 86' lang='lat' dir='ltr'>autumno</span> <span class='ocrx_word' id='word_1_97' title='bbox 1429 2391 1540 2466; x_wconf 86' lang='lat' dir='ltr'>floret</span> <span class='ocrx_word' id='word_1_98' title='bbox 1572 2405 1609 2462; x_wconf 87' lang='lat' dir='ltr'>et</span> 
     </span>
     <span class='ocr_line' id='line_1_13' title="bbox 331 2531 606 2624; baseline 0.007 -18"><span class='ocrx_word' id='word_1_99' title='bbox 331 2531 536 2608; x_wconf 79' lang='lat' dir='ltr'>fructificat</span> <span class='ocrx_word' id='word_1_100' title='bbox 561 2544 606 2624; x_wconf 69' lang='lat' dir='ltr'>u.</span> 
     </span>
    </p>
   </div>
   <div class='ocr_carea' id='block_1_5' title="bbox 176 2725 1631 3134">
    <p class='ocr_par' dir='ltr' id='par_1_10' title="bbox 176 2725 1631 3134">
     <span class='ocr_line' id='line_1_14' title="bbox 354 2725 1631 2843; baseline -0.009 -29"><span class='ocrx_word' id='word_1_101' title='bbox 354 2743 487 2817; x_wconf 83' lang='lat' dir='ltr'>Planta</span> <span class='ocrx_word' id='word_1_102' title='bbox 518 2745 739 2842; x_wconf 90' lang='lat' dir='ltr'>cespitosim</span> <span class='ocrx_word' id='word_1_103' title='bbox 773 2725 958 2832; x_wconf 73' lang='lat' dir='ltr'>creseens,</span> <span class='ocrx_word' id='word_1_104' title='bbox 993 2763 1148 2842; x_wconf 83' lang='lat' dir='ltr'>propter</span> <span class='ocrx_word' id='word_1_105' title='bbox 1169 2742 1420 2843; x_wconf 81' lang='lat' dir='ltr'>longissimos</span> <span class='ocrx_word' id='word_1_106' title='bbox 1445 2735 1548 2836; x_wconf 88' lang='lat' dir='ltr'>pilos</span> <span class='ocrx_word' id='word_1_107' title='bbox 1569 2747 1631 2804; x_wconf 88' lang='lat' dir='ltr'>et·</span> 
     </span>
     <span class='ocr_line' id='line_1_15' title="bbox 176 2873 1606 3006; baseline 0.006 -58"><span class='ocrx_word' id='word_1_108' title='bbox 176 2881 182 2888; x_wconf 87' lang='lat'>&#39;</span> <span class='ocrx_word' id='word_1_109' title='bbox 217 2873 352 2952; x_wconf 82' lang='lat' dir='ltr'>thecas</span> <span class='ocrx_word' id='word_1_110' title='bbox 369 2879 584 3006; x_wconf 61' lang='lat' dir='ltr'>⁶immersus</span> <span class='ocrx_word' id='word_1_111' title='bbox 630 2883 743 2958; x_wconf 85' lang='lat' dir='ltr'>facile</span> <span class='ocrx_word' id='word_1_112' title='bbox 774 2884 1024 2983; x_wconf 75' lang='lat' dir='ltr'>dignoscitur.</span> <span class='ocrx_word' id='word_1_113' title='bbox 1083 2884 1226 2958; x_wconf 73' lang='lat' dir='ltr'>Radix</span> <span class='ocrx_word' id='word_1_114' title='bbox 1265 2883 1419 2982; x_wconf 77' lang='lat' dir='ltr'>exigua.</span> <span class='ocrx_word' id='word_1_115' title='bbox 1467 2894 1606 2956; x_wconf 84' lang='lat' dir='ltr'>tenera,</span> 
     </span>
     <span class='ocr_line' id='line_1_16' title="bbox 217 3009 1607 3134; baseline -0.005 -44"><span class='ocrx_word' id='word_1_116' title='bbox 217 3015 430 3114; x_wconf 80' lang='lat' dir='ltr'>capillatis.</span> <span class='ocrx_word' id='word_1_117' title='bbox 493 3018 637 3110; x_wconf 70' lang='lat' dir='ltr'>Caelis</span> <span class='ocrx_word' id='word_1_118' title='bbox 663 3042 828 3134; x_wconf 78' lang='lat' dir='ltr'>erectus,</span> <span class='ocrx_word' id='word_1_119' title='bbox 844 3113 847 3122; x_wconf 21' lang='grc' dir='ltr'>ι</span> <span class='ocrx_word' id='word_1_120' title='bbox 864 3025 1095 3120; x_wconf 80' lang='lat' dir='ltr'>plerumque</span> <span class='ocrx_word' id='word_1_121' title='bbox 1120 3011 1312 3108; x_wconf 83' lang='lat' dir='ltr'>ramosus,</span> <span class='ocrx_word' id='word_1_122' title='bbox 1350 3015 1493 3101; x_wconf 86' lang='lat' dir='ltr'>brevis,</span> <span class='ocrx_word' id='word_1_123' title='bbox 1534 3009 1607 3084; x_wconf 50' lang='lat' dir='ltr'>un&amp;</span> 
     </span>
    </p>
   </div>
   <div class='ocr_carea' id='block_1_6' title="bbox 139 3152 1620 4500">
    <p class='ocr_par' dir='ltr' id='par_1_11' title="bbox 139 3152 1620 4500">
     <span class='ocr_line' id='line_1_17' title="bbox 139 3152 1611 3258; baseline 0.002 -36"><span class='ocrx_word' id='word_1_124' title='bbox 139 3153 142 3162; x_wconf 89' lang='lat'>&#39;</span> <span class='ocrx_word' id='word_1_125' title='bbox 217 3152 326 3226; x_wconf 84' lang='lat' dir='ltr'>ciam</span> <span class='ocrx_word' id='word_1_126' title='bbox 363 3154 563 3233; x_wconf 83' lang='lat' dir='ltr'>dimidiam</span> <span class='ocrx_word' id='word_1_127' title='bbox 594 3185 679 3234; x_wconf 90' lang='lat' dir='ltr'>raro</span> <span class='ocrx_word' id='word_1_128' title='bbox 709 3184 890 3258; x_wconf 84' lang='lat' dir='ltr'>aequans,</span> <span class='ocrx_word' id='word_1_129' title='bbox 925 3161 1180 3258; x_wconf 84' lang='lat' dir='ltr'>utplurimum</span> <span class='ocrx_word' id='word_1_130' title='bbox 1208 3161 1327 3232; x_wconf 81' lang='lat' dir='ltr'>lineas</span> <span class='ocrx_word' id='word_1_131' title='bbox 1352 3175 1427 3229; x_wconf 88' lang='lat' dir='ltr'>tres</span> <span class='ocrx_word' id='word_1_132' title='bbox 1444 3154 1611 3252; x_wconf 63' lang='lat' dir='ltr'>longus«</span> 
     </span>
     <span class='ocr_line' id='line_1_18' title="bbox 214 3287 1605 3398; baseline -0.004 -36"><span class='ocrx_word' id='word_1_133' title='bbox 214 3290 348 3365; x_wconf 80' lang='lat' dir='ltr'>Folia</span> <span class='ocrx_word' id='word_1_134' title='bbox 382 3293 567 3386; x_wconf 85' lang='lat' dir='ltr'>conferta,</span> <span class='ocrx_word' id='word_1_135' title='bbox 595 3297 813 3386; x_wconf 85' lang='lat' dir='ltr'>imbricata,</span> <span class='ocrx_word' id='word_1_136' title='bbox 843 3299 1322 3395; x_wconf 67' lang='lat' dir='ltr'>apatheiam-acuminata,</span> <span class='ocrx_word' id='word_1_137' title='bbox 1347 3293 1467 3367; x_wconf 85' lang='lat' dir='ltr'>rarius</span> <span class='ocrx_word' id='word_1_138' title='bbox 1490 3287 1605 3398; x_wconf 72' lang='lat' dir='ltr'>sub&#39;o·</span> 
     </span>
     <span class='ocr_line' id='line_1_19' title="bbox 212 3421 1604 3534; baseline -0.005 -33"><span class='ocrx_word' id='word_1_139' title='bbox 212 3447 326 3516; x_wconf 77' lang='lat' dir='ltr'>vata,</span> <span class='ocrx_word' id='word_1_140' title='bbox 354 3435 584 3524; x_wconf 79' lang='lat' dir='ltr'>acuminata,</span> <span class='ocrx_word' id='word_1_141' title='bbox 610 3459 776 3510; x_wconf 86' lang='lat' dir='ltr'>concava</span> <span class='ocrx_word' id='word_1_142' title='bbox 801 3437 906 3532; x_wconf 84' lang='lat' dir='ltr'>apice</span> <span class='ocrx_word' id='word_1_143' title='bbox 928 3436 1254 3534; x_wconf 71' lang='lat' dir='ltr'>albo-pellucido,</span> <span class='ocrx_word' id='word_1_144' title='bbox 1276 3449 1436 3504; x_wconf 87' lang='lat' dir='ltr'>suturate</span> <span class='ocrx_word' id='word_1_145' title='bbox 1452 3421 1604 3511; x_wconf 80' lang='lat' dir='ltr'>viridia,</span> 
     </span>
     <span class='ocr_line' id='line_1_20' title="bbox 213 3547 1601 3672; baseline -0.004 -32"><span class='ocrx_word' id='word_1_146' title='bbox 213 3547 328 3663; x_wconf 65' lang='lat' dir='ltr'>apice</span> <span class='ocrx_word' id='word_1_147' title='bbox 345 3587 381 3640; x_wconf 88' lang='lat' dir='ltr'>et</span> <span class='ocrx_word' id='word_1_148' title='bbox 395 3593 463 3665; x_wconf 88' lang='lat' dir='ltr'>per</span> <span class='ocrx_word' id='word_1_149' title='bbox 477 3551 687 3648; x_wconf 81' lang='lat' dir='ltr'>siccitatem</span> <span class='ocrx_word' id='word_1_150' title='bbox 699 3573 940 3672; x_wconf 78' lang='lat' dir='ltr'>nigricantis,</span> <span class='ocrx_word' id='word_1_151' title='bbox 955 3573 1221 3648; x_wconf 83' lang='lat' dir='ltr'>nervovalido</span> <span class='ocrx_word' id='word_1_152' title='bbox 1228 3571 1355 3659; x_wconf 89' lang='lat' dir='ltr'>viridi,</span> <span class='ocrx_word' id='word_1_153' title='bbox 1377 3581 1601 3665; x_wconf 79' lang='lat' dir='ltr'>emergente,</span> 
     </span>
     <span class='ocr_line' id='line_1_21' title="bbox 210 3701 1601 3808; baseline -0.003 -32"><span class='ocrx_word' id='word_1_154' title='bbox 210 3705 299 3778; x_wconf 86' lang='lat' dir='ltr'>iam</span> <span class='ocrx_word' id='word_1_155' title='bbox 321 3703 426 3778; x_wconf 82' lang='lat' dir='ltr'>infra</span> <span class='ocrx_word' id='word_1_156' title='bbox 443 3707 531 3782; x_wconf 86' lang='lat' dir='ltr'>folii</span> <span class='ocrx_word' id='word_1_157' title='bbox 550 3713 697 3808; x_wconf 87' lang='lat' dir='ltr'>apicem</span> <span class='ocrx_word' id='word_1_158' title='bbox 721 3713 810 3785; x_wconf 82' lang='lat' dir='ltr'>albo</span> <span class='ocrx_word' id='word_1_159' title='bbox 831 3713 1045 3806; x_wconf 79' lang='lat' dir='ltr'>pellucido,</span> <span class='ocrx_word' id='word_1_160' title='bbox 1068 3739 1197 3787; x_wconf 83' lang='lat' dir='ltr'>versus</span> <span class='ocrx_word' id='word_1_161' title='bbox 1218 3711 1362 3808; x_wconf 89' lang='lat' dir='ltr'>apicem</span> <span class='ocrx_word' id='word_1_162' title='bbox 1376 3730 1490 3782; x_wconf 89' lang='lat' dir='ltr'>suum</span> <span class='ocrx_word' id='word_1_163' title='bbox 1513 3701 1601 3775; x_wconf 89' lang='lat' dir='ltr'>sub·</span> 
     </span>
     <span class='ocr_line' id='line_1_22' title="bbox 205 3840 1620 3956; baseline -0.003 -42"><span class='ocrx_word' id='word_1_164' title='bbox 205 3841 338 3916; x_wconf 80' lang='lat' dir='ltr'>&#39;tiliter</span> <span class='ocrx_word' id='word_1_165' title='bbox 353 3865 513 3956; x_wconf 81' lang='lat' dir='ltr'>serrato,</span> <span class='ocrx_word' id='word_1_166' title='bbox 541 3848 641 3922; x_wconf 88' lang='lat' dir='ltr'>folio</span> <span class='ocrx_word' id='word_1_167' title='bbox 660 3847 779 3945; x_wconf 80' lang='lat' dir='ltr'>duplo</span> <span class='ocrx_word' id='word_1_168' title='bbox 795 3851 857 3922; x_wconf 91' lang='lat' dir='ltr'>vel</span> <span class='ocrx_word' id='word_1_169' title='bbox 875 3851 1088 3948; x_wconf 90' lang='lat' dir='ltr'>quadruplo</span> <span class='ocrx_word' id='word_1_170' title='bbox 1103 3850 1291 3948; x_wconf 81' lang='lat' dir='ltr'>longiore.</span> <span class='ocrx_word' id='word_1_171' title='bbox 1341 3840 1620 3918; x_wconf 78' lang='lat' dir='ltr'>Perichaetz&#39;i-</span> 
     </span>
     <span class='ocr_line' id='line_1_23' title="bbox 189 3975 1612 4090; baseline 0.006 -38"><span class='ocrx_word' id='word_1_172' title='bbox 189 3979 392 4082; x_wconf 84' lang='lat' dir='ltr'>feminei</span> <span class='ocrx_word' id='word_1_173' title='bbox 409 3984 527 4082; x_wconf 84' lang='lat' dir='ltr'>folia</span> <span class='ocrx_word' id='word_1_174' title='bbox 560 3989 721 4061; x_wconf 76' lang='lat' dir='ltr'>cardinis</span> <span class='ocrx_word' id='word_1_175' title='bbox 752 3987 913 4073; x_wconf 83' lang='lat' dir='ltr'>similia,</span> <span class='ocrx_word' id='word_1_176' title='bbox 953 3989 1142 4088; x_wconf 81' lang='lat' dir='ltr'>longiora.</span> <span class='ocrx_word' id='word_1_177' title='bbox 1194 3983 1359 4060; x_wconf 80' lang='lat' dir='ltr'>Pistilla</span> <span class='ocrx_word' id='word_1_178' title='bbox 1386 3983 1529 4090; x_wconf 84' lang='lat' dir='ltr'>absque</span> <span class='ocrx_word' id='word_1_179' title='bbox 1554 3975 1612 4060; x_wconf 84' lang='lat' dir='ltr'>fi··.</span> 
     </span>
     <span class='ocr_line' id='line_1_24' title="bbox 200 4115 1594 4230; baseline -0.005 -37"><span class='ocrx_word' id='word_1_180' title='bbox 200 4119 266 4193; x_wconf 82' lang='lat' dir='ltr'>lis</span> <span class='ocrx_word' id='word_1_181' title='bbox 281 4125 514 4198; x_wconf 89' lang='lat' dir='ltr'>succulentis</span> <span class='ocrx_word' id='word_1_182' title='bbox 531 4125 700 4222; x_wconf 85' lang='lat' dir='ltr'>copiosa.</span> <span class='ocrx_word' id='word_1_183' title='bbox 760 4125 975 4226; x_wconf 79' lang='lat' dir='ltr'>Vaginula</span> <span class='ocrx_word' id='word_1_184' title='bbox 991 4127 1342 4230; x_wconf 66' lang='lat' dir='ltr'>ponito-truncata,</span> <span class='ocrx_word' id='word_1_185' title='bbox 1368 4115 1594 4218; x_wconf 76' lang='lat' dir='ltr'>ferruginea,</span> 
     </span>
     <span class='ocr_line' id='line_1_25' title="bbox 196 4255 1593 4364; baseline 0.004 -34"><span class='ocrx_word' id='word_1_186' title='bbox 196 4257 343 4330; x_wconf 84' lang='lat' dir='ltr'>thecae</span> <span class='ocrx_word' id='word_1_187' title='bbox 375 4279 545 4357; x_wconf 88' lang='lat' dir='ltr'>quartam</span> <span class='ocrx_word' id='word_1_188' title='bbox 574 4280 718 4359; x_wconf 88' lang='lat' dir='ltr'>partem</span> <span class='ocrx_word' id='word_1_189' title='bbox 749 4289 924 4361; x_wconf 78' lang='lat' dir='ltr'>aequans.</span> <span class='ocrx_word' id='word_1_190' title='bbox 978 4267 1079 4340; x_wconf 83' lang='lat' dir='ltr'>Seta</span> <span class='ocrx_word' id='word_1_191' title='bbox 1106 4261 1245 4364; x_wconf 82' lang='lat' dir='ltr'>rigida,</span> <span class='ocrx_word' id='word_1_192' title='bbox 1281 4259 1430 4347; x_wconf 81' lang='lat' dir='ltr'>virens,</span> <span class='ocrx_word' id='word_1_193' title='bbox 1463 4255 1593 4336; x_wconf 64' lang='lat' dir='ltr'>dietae</span> 
     </span>
     <span class='ocr_line' id='line_1_26' title="bbox 193 4393 1594 4500; baseline -0.004 -28"><span class='ocrx_word' id='word_1_194' title='bbox 193 4396 485 4493; x_wconf 59' lang='lat' dir='ltr'>longitudine*</span> <span class='ocrx_word' id='word_1_195' title='bbox 513 4393 1091 4500; x_wconf 66' lang='lat' dir='ltr'>&#39;meaaoblongo-urceolam,</span> <span class='ocrx_word' id='word_1_196' title='bbox 1113 4426 1207 4474; x_wconf 84' lang='lat' dir='ltr'>mox</span> <span class='ocrx_word' id='word_1_197' title='bbox 1229 4398 1367 4486; x_wconf 86' lang='lat' dir='ltr'>laevis,</span> <span class='ocrx_word' id='word_1_198' title='bbox 1394 4421 1487 4470; x_wconf 85' lang='lat' dir='ltr'>mox</span> <span class='ocrx_word' id='word_1_199' title='bbox 1503 4393 1594 4466; x_wconf 80' lang='lat' dir='ltr'>irte-</span> 
     </span>
    </p>
   </div>
   <div class='ocr_carea' id='block_1_7' title="bbox 190 4523 1595 4644">
    <p class='ocr_par' dir='ltr' id='par_1_12' title="bbox 190 4523 1595 4644">
     <span class='ocr_line' id='line_1_27' title="bbox 190 4523 1595 4644; baseline 0 -34"><span class='ocrx_word' id='word_1_200' title='bbox 190 4531 391 4634; x_wconf 79' lang='lat' dir='ltr'>guleriter</span> <span class='ocrx_word' id='word_1_201' title='bbox 412 4551 448 4611; x_wconf 87' lang='lat' dir='ltr'>et</span> <span class='ocrx_word' id='word_1_202' title='bbox 472 4535 627 4642; x_wconf 80' lang='lat' dir='ltr'>oblique</span> <span class='ocrx_word' id='word_1_203' title='bbox 659 4539 982 4644; x_wconf 58' lang='lat' dir='ltr'>striato-ougast,</span> <span class='ocrx_word' id='word_1_204' title='bbox 1005 4523 1188 4619; x_wconf 69' lang='lat' dir='ltr'>brunnen.</span> <span class='ocrx_word' id='word_1_205' title='bbox 1239 4541 1479 4622; x_wconf 66' lang='lat' dir='ltr'>saracems</span> <span class='ocrx_word' id='word_1_206' title='bbox 1500 4535 1595 4611; x_wconf 85' lang='lat' dir='ltr'>den·</span> 
     </span>
    </p>
   </div>
   <div class='ocr_carea' id='block_1_8' title="bbox 0 0 1996 5406">
    <p class='ocr_par' dir='ltr' id='par_1_13' title="bbox 0 0 1996 5406">
     <span class='ocr_line' id='line_1_28' title="bbox 0 0 1996 5406; baseline 0 8"><span class='ocrx_word' id='word_1_207' title='bbox 0 0 1996 5406; x_wconf 95' lang='lat' dir='ltr'> </span> 
     </span>
    </p>
   </div>
  </div>
 </body>
</html>
