3934 5424
618 677 832 750 Bartremio
867 700 903 748 ε.
923 680 1058 772 crispa.
1373 771 1377 777 Ι
1470 685 1540 779 ”47

135 949 140 954 .
180 881 227 954 B.
257 871 484 975 Her-cynica,
509 867 618 947 foliis
632 866 1036 966 linearibuspatulis,
1067 867 1187 943 thecis
1219 871 1348 946 ovatis'
1370 873 1541 950 subobli·

138 1087 142 1095 ,
234 1011 346 1110 quise
375 1013 557 1104 operculo
585 1009 722 1084 obtuse
749 1006 900 1094 conice,
927 1007 1019 1082 setis
1046 1013 1194 1082 cattlem
1229 1010 1540 1108 adaequantibus.

234 1145 839 1252 Hntklinschroddianbot.
869 1160 965 1218 tons,
994 1149 1043 1218 n
1073 1147 1227 1242 p..'17t.
1286 1194 1291 1207 ·
1358 1167 1361 1185 ²

176 1335 340 1410 Crescit·
361 1333 405 1406 in
443 1333 586 1406 saxosis
619 1349 657 1404 et
683 1329 892 1418 montosis,
928 1330 1153 1428 subalpinis,
1189 1314 1318 1409 omnis
1353 1343 1539 1435 Europae,

231 1489 272 1544 et
299 1468 587 1556 Pensilvaniae3
614 1493 702 1541 vere
729 1486 767 1540 et
792 1485 931 1541 aestate
957 1453 1163 1543 fructifera.
1192 1480 1236 1559 Π,

262 1699 398 1772 Radia:
424 1687 652 1781 tomentosa,
681 1692 726 1766 in
755 1694 903 1766 caulem
936 1693 1012 1766 alte
1046 1691 1276 1783 ascendens,
1312 1685 1550 1797 ferruginea

130 1837 269 1912 eacus
293 1833 450 1935 anagnis·
472 1830 680 1927 densisque
709 1830 938 1926 caespitibus
964 1830 1205 1926 proveniunt
1224 1832 1380 1921 unciam
1409 1851 1541 1925 unani,

125 1992 203 2048 tres
232 1953 413 2072 pluresve
438 1967 517 2055 alti,
554 1965 669 2041 ramis
696 1966 822 2064 uagis,
851 1967 1058 2065 elongatis,
1081 1965 1367 2066 subfastigiatis'.
1402 1969 1542 2050 ·Folie

126 2111 261 2198 densa,
295 2107 439 2206 patula,
466 2129 487 2176 c
511 2104 647 2180 latiore
677 2122 873 2202 erectaque
899 2103 1020 2177 basi
1008 2129 1051 2178 ιιι
1077 2105 1351 2204 longissimum
1379 2133 1541 2185 acumen

121 2247 307 2347 patulum
341 2261 381 2316 et
413 2246 545 2318 laxum
588 2256 801 2368 attenuata,
844 2241 1027 2330 carinatas,
1061 2242 1142 2315 basi
1176 2245 1356 2340 utrinque
1389 2247 1541 2344 plicata,

124 2384 304 2518 rnargine
339 2397 377 2454 et
415 2379 458 2452 in
489 2395 595 2454 costa
629 2402 758 2478 gnosso
795 2395 955 2500 serratas
1003 2377 1174 2450 siccitate
1211 2380 1331 2476 crispa
1365 2402 1401 2452 et
1434 2383 1543 2478 quasi

124 2499 412 2604 cincinnatas
392 2520 541 2588 eluteo
568 2515 719 2600 viridia,
748 2529 871 2588 aetate
899 2539 919 2586 e
945 2514 1121 2587 brunnen
1148 2519 1393 2619 lutescentia·
1419 2545 1574 2592 nervo.

128 2681 262 2732 crasso
283 2653 493 2743 concolori,
525 2651 608 2724 basi
633 2651 818 2780 senioque
841 2623 1068 2740 rufescente,
1097 2623 1145 2724 ad
1171 2653 1317 2752 apicem
1334 2657 1542 2752 perducto,

123 2794 284 2871 reticuli
321 2792 461 2866 areolis
500 2789 671 2888 exiguis,
719 2766 999 2886 subquadratis
1074 2795 1200 2863 Floras
1243 2793 1543 2889 gemmiforntes,

123 2931 353 3007 terminales
383 2926 556 3025 plurimi,
585 2926 776 2998 innovato
803 2930 909 2998 cattle
932 2951 1025 2998 mox
1054 2924 1155 2996 liunt
1172 2930 1370 3018 laterales,
1413 2932 1540 3006 mixti.

129 3075 245 3146 Folia
273 3063 492 3166 periclaetii
509 3058 676 3148 caulinis
689 3061 900 3150 simillima,
931 3079 970 3134 et
996 3063 1213 3138 evidentius
1229 3067 1380 3162 plicata,
1408 3072 1542 3162 paullo

125 3207 283 3280 minora
318 3221 355 3273 et
390 3200 635 3298 angustiora;
681 3216 871 3273 caeterum
910 3199 1022 3272 facile
1063 3202 1109 3272 ab
1142 3201 1312 3275 invicem
1345 3187 1540 3290 secedunt,

125 3347 267 3419 florem
316 3337 495 3434 aperiunt
536 3353 574 3408 et
617 3336 799 3435 genitalia
830 3337 984 3409 obtutui
1018 3353 1233 3434 crrpon'unt.
1303 3343 1433 3412 Florae
1474 3342 1542 3412 alii

120 3473 437 3576 hermaphroditi
489 3473 650 3572 pistillis
692 3474 841 3556 circiter
879 3499 945 3548 sex
978 3491 1018 3546 et
1053 3475 1442 3571 authorisquatuor,
1477 3479 1544 3551 alii

120 3613 291 3695 feminei
317 3611 479 3712 pistillis
505 3611 776 3708 paucioribus,
809 3611 880 3706 alii
919 3611 1107 3699 massarii,
1145 3609 1191 3687 in
1225 3614 1333 3688 caule
1360 3613 1547 3689 inferiore

119 3757 299 3832 laterales
342 3749 459 3836 facti,
497 3749 665 3822 antheris
700 3748 905 3834 subsectis.¹
944 3749 1156 3830 Auchetae
1166 3764 1210 3824 'ct
1235 3753 1381 3844 pistillo
1421 3773 1466 3826 ut
1487 3752 1544 3826 in

93 3887 381 4024 pomiformi3
412 3885 649 3988 parapltyses
670 3884 883 3972 filiiormes,
913 3887 1052 3958 multi·
1062 3887 1292 3973 articulatae,
1309 3881 1543 3985 genitalibus

119 4029 291 4108 dimidio
319 4022 530 4122 longiores,
561 4027 800 4098 lutescentes.
857 4027 1069 4122 Vaginulu
1101 4026 1295 4123 oblongo·
1281 4033 1438 4116 -ovatai,
1470 4028 1544 4102 ier·

116 4173 296 4274 ruginea
352 4167 446 4237 oeta
471 4156 645 4246 uncialis,
672 4177 803 4250 erecta,
831 4182 969 4256 parum
992 4160 1150 4247 torfftilis,
1179 4159 1403 4262 ferrugineo
1442 4165 1542 4242 rufa

121 4309 250 4382 Ὴιεεα
277 4298 454 4400 globosa,
483 4295 708 4392 inaequalis,
735 4322 801 4371 ore
829 4315 1043 4385 contract03
1071 4295 1238 4372 siccitate
1265 4300 1444 4402 oblonga,
1475 4331 1542 4378 ore

112 4445 261 4546 patulo,
291 4435 462 4532 sulcata,
487 4459 506 4508 c
535 4435 740 4546 lutesccnti
762 4435 950 4514 brunnca.
1011 4438 1231 4516 Peristotuii'
1247 4448 1393 4517 externi
1409 4445 1541 4520 ‘arastes'
